3259 4959
580 342 718 394 rossam
738 338 918 396 aunruoar
1172 312 1242 403 569

222 462 339 548 arensi,
372 461 499 532 ibidem
532 478 606 552 post
632 462 741 546 edita,
769 478 803 532 et
832 463 867 533 irr
896 457 1061 550 anglicam
1087 457 1238 556 linguam

225 601 319 648 uersa
337 576 422 666 regis
442 573 546 666 ipsius
565 575 673 666 jussu.
694 575 823 644 Claruit
840 573 908 643 fere
924 573 1015 644 omni
1030 595 1168 664 poeseos
1186 598 1241 664 ge·

225 715 323 776 pere3
343 690 430 780 quod
449 714 512 766 non
528 706 594 757 tarn
609 685 722 773 facilc,
742 688 919 780 praecipue
937 687 1066 768 homini
1087 703 1155 764 tarn
1175 688 1242 759 dis·

224 804 393 884 similibus
413 804 529 876 studiis
549 802 681 880 dedito.

272 925 333 994 His
366 909 413 992 tot
445 947 483 992 ac
514 939 583 995 tam
615 921 811 1012 multiplicis
837 921 1042 998 litteraturae
1066 923 1241 1012 praesidiis

224 1065 381 1135 magnum
406 1065 525 1112 nomen
553 1041 716 1112 obtinuit.
745 1041 799 1116 Ne
818 1041 946 1132 longior
974 1043 1058 1129 sirn3
1078 1042 1165 1115 viros
1190 1061 1243 1116 tor

225 1161 291 1236 tius
317 1162 434 1234 Italiae
462 1160 670 1234 doctissimos
688 1175 722 1228 et
741 1163 891 1250 Europae
914 1161 1077 1234 litteraria
1102 1185 1243 1234 consue„

226 1277 341 1348 tudine
370 1274 540 1344 devinctos
567 1274 690 1343 tenuit.
719 1272 808 1362 Quin
836 1272 917 1364 ipsis
942 1275 1076 1365 regibus
1094 1279 1241 1348 maxims

224 1406 380 1482 acceptus
400 1385 481 1474 iuit3
508 1409 592 1477 quac
620 1387 755 1478 quidem
775 1387 847 1461 laus
867 1389 978 1478 magni
999 1387 1173 1474 habenda,
1193 1392 1240 1460 Il·

226 1505 285 1576 lud
315 1525 443 1595 qnoque
471 1501 536 1592 ipsi
567 1500 781 1578 honorificum
802 1501 889 1590 qnod
913 1526 972 1570 sua
991 1503 1168 1593 disciplina
1189 1504 1243 1578 ine

226 1618 373 1696 stituerit
391 1615 498 1696 pirum
519 1613 738 1692 clarissimum
753 1614 1094 1694 Desinant.Plurima
1106 1641 1149 1686 ex
1167 1618 1220 1688 his
1231 1672 1242 1703 ,

228 1759 312 1828 quae
341 1734 517 1818 hactenus,
546 1754 675 1810 mecum
696 1730 838 1824 benigue
856 1735 1115 1818 communicarit
1139 1737 1244 1816 Fran·

226 1839 335 1927 cincus
359 1855 546 1944 Fanaagae,
570 1850 620 1932 vir
647 1851 793 1920 eruditus
813 1851 1024 1944 maximeque
1044 1871 1189 1929 versatus
1209 1856 1245 1928 in

227 1967 359 2060 scriptis
383 1965 528 2036 Bartholi
548 1965 600 2034 sni
623 1965 821 2055 rnuoicipis.
842 1967 969 2047 Verum
984 1953 1041 2060 de
1061 1966 1115 2036 his
1135 1968 1241 2052 satier

227 2085 270 2156 ud
291 2101 400 2156 utores
419 2095 570 2162 transeo.

274 2197 326 2270 De
356 2191 474 2280 quibus
503 2213 542 2256 ea
566 2189 695 2274 dicam,
719 2213 803 2280 quac
830 2190 921 2280 pqtni
942 2213 984 2271 ex
1003 2189 1073 2286 ejus
1092 2193 1186 2262 libris
1210 2210 1247 2272 et

229 2307 362 2381 aliunde
385 2301 556 2392 colligere.
572 2305 652 2370 Erat
671 2303 782 2394 itaque
802 2303 837 2371 in
856 2303 1008 2389 obeundo
1028 2331 1087 2376 suo
1108 2331 1245 2390 munere
1349 2296 1351 2303 ¹

226 2419 513 2504 accuratissimus,
524 2442 677 2510 magnam
688 2437 860 2512 propterea
876 2420 919 2489 ab
938 2424 1092 2504 omnibus
1102 2426 1245 2514 gratiam

226 2540 327 2625 iniit,
346 2537 388 2609 ab
418 2537 635 2620 Emmanuelc
657 2539 851 2630 praesertim
869 2539 1043 2627 Sardiniae
1062 2565 1159 2632 rege,
1184 2543 1243 2634 qui

227 2663 263 2742 in
297 2684 372 2730 enm
405 2658 604 2745 liberaliterg
629 2658 758 2750 dequo
786 2661 952 2742 luculente
979 2662 1173 2746 Barthqlus,
1193 2662 1243 2733 uti

229 2775 390 2848 diximus.
402 2775 495 2864 Quae
506 2771 597 2848 enirn
613 2772 642 2841 is
657 2790 829 2864 acceperat
841 2773 1014 2860 beneficia,
1033 2800 1097 2844 non
1116 2775 1246 2862 solebat

229 2909 361 2964 tanturn
373 2907 465 2983 grato
477 2890 581 2976 animi
595 2915 692 2964 sensu
712 2894 886 2984 prosequi,
897 2895 957 2963 sed
968 2894 1071 2964 etiam
1082 2893 1245 2986 praeferre

229 2992 362 3098 aperte,
375 3021 408 3074 ct
419 3003 626 3072 occasionem
641 3004 806 3095 inquirere
818 3008 936 3076 eadem
947 3007 1246 3090 commemorandi..

275 3155 293 3188 ‚i
312 3127 397 3204 Tam
422 3122 545 3214 insigni
564 3121 724 3202 beneficio
743 3122 920 3204 obstrictus
941 3125 1022 3214 (sic
1041 3126 1100 3195 ille
1120 3125 1155 3195 in
1176 3127 1245 3217 epi-

225 3242 314 3316 stola
333 3241 375 3310 ad
394 3241 624 3326 Sebastianum
652 3243 844 3333 Melinum)
866 3268 1034 3334 nunquam
1060 3244 1174 3325 destiti
1194 3269 1246 3332 cp-

229 3383 250 3418 s
268 3353 428 3443 girando.
451 3403 459 3420 .
480 3404 488 3420 .
510 3403 519 3435 .
540 3354 687 3440 conniti,
708 3374 745 3425 ut
763 3357 861 3444 citius
879 3357 960 3453 quid
978 3355 1157 3448 proferrem
1175 3410 1184 3426 .
1204 3410 1213 3445 .
1234 3409 1245 3428 .

229 3501 250 3536 s
269 3485 305 3546 et
323 3467 407 3562 grati
434 3470 539 3556 animi
568 3472 712 3563 pflieium
733 3493 766 3544 et
783 3475 848 3560 tibi
858 3528 871 3561 ‚
888 3492 923 3546 et
941 3457 1127 3568 praesenti,
1146 3491 1181 3546 et
1197 3473 1245 3561 iq-

230 3604 326 3658 turae
346 3587 446 3657 aetati
466 3587 686 3679 significarem
707 3596 781 3686 (1).

573 3737 903 3769 mmmmmwnmm

269 3843 323 3922 ir)
345 3843 510 3926 lnesisttlt
529 3847 683 3926 praemissa
702 3850 914 3928 Commentario
933 3852 966 3914 Ρ.
989 3852 1120 3926 Lacerat
1139 3851 1171 3928 in
1189 3850 1245 3917 ιιιί-

229 3949 314 4026 litem
332 3949 487 4034 gloriosum
508 3954 618 4017 Plauti.

514 4032 562 4130 α4
