<?xml version="1.0" encoding="UTF-8"?>
<!DOCTYPE html PUBLIC "-//W3C//DTD XHTML 1.0 Transitional//EN"
    "http://www.w3.org/TR/xhtml1/DTD/xhtml1-transitional.dtd">
<html xmlns="http://www.w3.org/1999/xhtml" xml:lang="en" lang="en">
 <head>
  <title>
</title>
<meta http-equiv="Content-Type" content="text/html;charset=utf-8" />
  <meta name='ocr-system' content='tesseract 3.04.00' />
  <meta name='ocr-capabilities' content='ocr_page ocr_carea ocr_par ocr_line ocrx_word'/>
</head>
<body>
  <div class='ocr_page' id='page_1' title='image "./vitaevirorumill00ferrgoog_0386.png"; bbox 0 0 3259 4959; ppageno 0'>
   <div class='ocr_carea' id='block_1_1' title="bbox 407 361 1427 605">
    <p class='ocr_par' dir='ltr' id='par_1_1' title="bbox 407 361 1427 605">
     <span class='ocr_line' id='line_1_1' title="bbox 407 361 968 446; baseline -0.007 0"><span class='ocrx_word' id='word_1_1' title='bbox 407 371 477 446; x_wconf 73' lang='lat'><strong>558</strong></span> <span class='ocrx_word' id='word_1_2' title='bbox 881 361 968 442; x_wconf 72' lang='lat' dir='ltr'><strong>sunt</strong></span> 
     </span>
     <span class='ocr_line' id='line_1_2' title="bbox 408 500 1427 605; baseline 0.006 -29"><span class='ocrx_word' id='word_1_3' title='bbox 408 511 452 605; x_wconf 75' lang='lat' dir='ltr'><strong>tls</strong></span> <span class='ocrx_word' id='word_1_4' title='bbox 474 505 607 576; x_wconf 87' lang='lat' dir='ltr'><strong>disserit</strong></span> <span class='ocrx_word' id='word_1_5' title='bbox 629 504 732 576; x_wconf 86' lang='lat' dir='ltr'><strong>medii</strong></span> <span class='ocrx_word' id='word_1_6' title='bbox 760 500 852 575; x_wconf 86' lang='lat' dir='ltr'><strong>aevi.</strong></span> <span class='ocrx_word' id='word_1_7' title='bbox 877 504 958 576; x_wconf 77' lang='lat' dir='ltr'><strong>Esse</strong></span> <span class='ocrx_word' id='word_1_8' title='bbox 978 507 1094 576; x_wconf 86' lang='lat' dir='ltr'><strong>eadem</strong></span> <span class='ocrx_word' id='word_1_9' title='bbox 1116 518 1227 596; x_wconf 85' lang='lat' dir='ltr'><strong>posset</strong></span> <span class='ocrx_word' id='word_1_10' title='bbox 1255 522 1427 602; x_wconf 82' lang='lat' dir='ltr'><strong>tamqnam</strong></span> 
     </span>
    </p>
   </div>
   <div class='ocr_carea' id='block_1_2' title="bbox 408 623 1430 717">
    <p class='ocr_par' dir='ltr' id='par_1_2' title="bbox 408 623 1430 717">
     <span class='ocr_line' id='line_1_3' title="bbox 408 623 1430 717; baseline 0.001 -24"><span class='ocrx_word' id='word_1_11' title='bbox 408 625 674 717; x_wconf 74' lang='lat' dir='ltr'><strong>additamentum</strong></span> <span class='ocrx_word' id='word_1_12' title='bbox 702 623 872 714; x_wconf 73' lang='lat' dir='ltr'><strong>opusculi:</strong></span> <span class='ocrx_word' id='word_1_13' title='bbox 896 627 955 694; x_wconf 82' lang='lat' dir='ltr'><strong>&#39;De</strong></span> <span class='ocrx_word' id='word_1_14' title='bbox 981 649 1018 694; x_wconf 79' lang='lat' dir='ltr'><strong>te</strong></span> <span class='ocrx_word' id='word_1_15' title='bbox 1054 623 1210 696; x_wconf 78' lang='lat' dir='ltr'><strong>nurtturiu</strong></span> <span class='ocrx_word' id='word_1_16' title='bbox 1245 628 1430 702; x_wconf 78' lang='lat' dir='ltr'><strong>Patauino.</strong></span> 
     </span>
    </p>
   </div>
   <div class='ocr_carea' id='block_1_3' title="bbox 407 771 1426 930">
    <p class='ocr_par' dir='ltr' id='par_1_3' title="bbox 407 771 1426 930">
     <span class='ocr_line' id='line_1_4' title="bbox 407 771 729 814; baseline -0.003 0"><span class='ocrx_word' id='word_1_17' title='bbox 407 771 497 814; x_wconf 74' lang='lat' dir='ltr'><strong>rusti.</strong></span> <span class='ocrx_word' id='word_1_18' title='bbox 724 799 729 813; x_wconf 77' lang='lat'>.</span> 
     </span>
     <span class='ocr_line' id='line_1_5' title="bbox 408 833 1426 930; baseline 0.007 -23"><span class='ocrx_word' id='word_1_19' title='bbox 408 833 413 840; x_wconf 54' lang='lat'><strong>⁴</strong></span> <span class='ocrx_word' id='word_1_20' title='bbox 453 834 688 908; x_wconf 85' lang='lat' dir='ltr'><strong>Circumfertnr</strong></span> <span class='ocrx_word' id='word_1_21' title='bbox 703 835 805 904; x_wconf 88' lang='lat' dir='ltr'><strong>etiam</strong></span> <span class='ocrx_word' id='word_1_22' title='bbox 822 835 956 905; x_wconf 90' lang='lat' dir='ltr'><strong>libellus</strong></span> <span class='ocrx_word' id='word_1_23' title='bbox 977 835 1059 906; x_wconf 89' lang='lat' dir='ltr'><strong>alter</strong></span> <span class='ocrx_word' id='word_1_24' title='bbox 1082 835 1282 930; x_wconf 82' lang='lat' dir='ltr'><strong>jampridem</strong></span> <span class='ocrx_word' id='word_1_25' title='bbox 1314 842 1426 916; x_wconf 84' lang='lat' dir='ltr'><strong>editus</strong></span> 
     </span>
    </p>
   </div>
   <div class='ocr_carea' id='block_1_4' title="bbox 348 953 1430 2683">
    <p class='ocr_par' dir='ltr' id='par_1_4' title="bbox 348 953 1430 2683">
     <span class='ocr_line' id='line_1_6' title="bbox 411 953 1430 1048; baseline 0.006 -26"><span class='ocrx_word' id='word_1_26' title='bbox 411 955 604 1024; x_wconf 87' lang='lat' dir='ltr'><strong>aanatio</strong></span> <span class='ocrx_word' id='word_1_27' title='bbox 632 953 707 1044; x_wconf 76' lang='lat'><strong>(1)&#39;,</strong></span> <span class='ocrx_word' id='word_1_28' title='bbox 732 970 830 1044; x_wconf 88' lang='lat' dir='ltr'><strong>atque</strong></span> <span class='ocrx_word' id='word_1_29' title='bbox 856 954 902 1021; x_wconf 92' lang='lat' dir='ltr'><strong>ita</strong></span> <span class='ocrx_word' id='word_1_30' title='bbox 926 953 1130 1042; x_wconf 85' lang='lat' dir='ltr'><strong>inscriptus:</strong></span> <span class='ocrx_word' id='word_1_31' title='bbox 1160 953 1430 1048; x_wconf 76' lang='lat' dir='ltr'><strong>nogionamento</strong></span> 
     </span>
     <span class='ocr_line' id='line_1_7' title="bbox 408 1069 1425 1170; baseline -0.001 -25"><span class='ocrx_word' id='word_1_32' title='bbox 408 1100 506 1170; x_wconf 82' lang='lat' dir='ltr'><em>sopra</em></span> <span class='ocrx_word' id='word_1_33' title='bbox 524 1072 551 1142; x_wconf 86' lang='lat' dir='ltr'><strong>il</strong></span> <span class='ocrx_word' id='word_1_34' title='bbox 580 1072 678 1144; x_wconf 83' lang='lat' dir='ltr'><strong>titolo</strong></span> <span class='ocrx_word' id='word_1_35' title='bbox 706 1069 744 1143; x_wconf 83' lang='lat' dir='ltr'><strong>di</strong></span> <span class='ocrx_word' id='word_1_36' title='bbox 771 1071 1006 1142; x_wconf 84' lang='lat' dir='ltr'><strong>cunoniobesse</strong></span> <span class='ocrx_word' id='word_1_37' title='bbox 1034 1070 1124 1143; x_wconf 82' lang='lat' dir='ltr'><strong>nelle</strong></span> <span class='ocrx_word' id='word_1_38' title='bbox 1140 1071 1304 1146; x_wconf 80' lang='lat' dir='ltr'><strong>suonaclse</strong></span> <span class='ocrx_word' id='word_1_39' title='bbox 1327 1074 1364 1146; x_wconf 81' lang='lat' dir='ltr'><strong>di</strong></span> <span class='ocrx_word' id='word_1_40' title='bbox 1387 1078 1425 1152; x_wconf 82' lang='lat' dir='ltr'><strong>S.</strong></span> 
     </span>
     <span class='ocr_line' id='line_1_8' title="bbox 408 1187 1422 1282; baseline 0.002 -22"><span class='ocrx_word' id='word_1_41' title='bbox 408 1191 542 1260; x_wconf 81' lang='lat' dir='ltr'><strong>Pietro.</strong></span> <span class='ocrx_word' id='word_1_42' title='bbox 563 1192 602 1259; x_wconf 94' lang='lat' dir='ltr'><strong>In</strong></span> <span class='ocrx_word' id='word_1_43' title='bbox 621 1189 729 1280; x_wconf 82' lang='lat' dir='ltr'><strong>prima</strong></span> <span class='ocrx_word' id='word_1_44' title='bbox 749 1191 857 1280; x_wconf 84' lang='lat' dir='ltr'><strong>operis</strong></span> <span class='ocrx_word' id='word_1_45' title='bbox 883 1187 978 1282; x_wconf 78' lang='lat' dir='ltr'><strong>hujus</strong></span> <span class='ocrx_word' id='word_1_46' title='bbox 1000 1205 1090 1278; x_wconf 85' lang='lat' dir='ltr'><strong>parte</strong></span> <span class='ocrx_word' id='word_1_47' title='bbox 1119 1191 1318 1262; x_wconf 80' lang='lat' dir='ltr'>monialibus</span> <span class='ocrx_word' id='word_1_48' title='bbox 1347 1194 1422 1262; x_wconf 87' lang='lat' dir='ltr'><strong>vin-</strong></span> 
     </span>
     <span class='ocr_line' id='line_1_9' title="bbox 408 1305 1424 1403; baseline 0.003 -24"><span class='ocrx_word' id='word_1_49' title='bbox 408 1310 497 1379; x_wconf 86' lang='lat' dir='ltr'><strong>‹lieat</strong></span> <span class='ocrx_word' id='word_1_50' title='bbox 515 1309 601 1379; x_wconf 90' lang='lat' dir='ltr'><strong>hune</strong></span> <span class='ocrx_word' id='word_1_51' title='bbox 622 1305 774 1392; x_wconf 90' lang='lat' dir='ltr'><strong>titulum,</strong></span> <span class='ocrx_word' id='word_1_52' title='bbox 794 1333 858 1399; x_wconf 92' lang='lat' dir='ltr'><strong>quo</strong></span> <span class='ocrx_word' id='word_1_53' title='bbox 874 1333 927 1378; x_wconf 90' lang='lat' dir='ltr'><strong>eas</strong></span> <span class='ocrx_word' id='word_1_54' title='bbox 948 1326 1118 1380; x_wconf 84' lang='lat' dir='ltr'><strong>ornaverat</strong></span> <span class='ocrx_word' id='word_1_55' title='bbox 1138 1311 1313 1380; x_wconf 87' lang='lat' dir='ltr'><strong>historiens</strong></span> <span class='ocrx_word' id='word_1_56' title='bbox 1332 1329 1424 1403; x_wconf 83' lang='lat' dir='ltr'><strong>pata·</strong></span> 
     </span>
     <span class='ocr_line' id='line_1_10' title="bbox 407 1424 1427 1517; baseline 0.001 -20"><span class='ocrx_word' id='word_1_57' title='bbox 407 1428 503 1497; x_wconf 82' lang='lat' dir='ltr'><strong>tinus</strong></span> <span class='ocrx_word' id='word_1_58' title='bbox 523 1427 681 1511; x_wconf 83' lang='lat' dir='ltr'><strong>Ursatus3</strong></span> <span class='ocrx_word' id='word_1_59' title='bbox 701 1447 842 1516; x_wconf 87' lang='lat' dir='ltr'><strong>eumque</strong></span> <span class='ocrx_word' id='word_1_60' title='bbox 862 1424 1031 1494; x_wconf 88' lang='lat' dir='ltr'><strong>confirmat</strong></span> <span class='ocrx_word' id='word_1_61' title='bbox 1051 1425 1189 1516; x_wconf 85' lang='lat' dir='ltr'><strong>prolatis</strong></span> <span class='ocrx_word' id='word_1_62' title='bbox 1208 1424 1353 1517; x_wconf 77' lang='lat' dir='ltr'>antiquis</span> <span class='ocrx_word' id='word_1_63' title='bbox 1371 1427 1427 1498; x_wconf 89' lang='lat' dir='ltr'><strong>lit·</strong></span> 
     </span>
     <span class='ocr_line' id='line_1_11' title="bbox 409 1543 1425 1636; baseline 0 -21"><span class='ocrx_word' id='word_1_64' title='bbox 409 1547 505 1630; x_wconf 87' lang='lat' dir='ltr'><strong>teris,</strong></span> <span class='ocrx_word' id='word_1_65' title='bbox 528 1544 777 1626; x_wconf 80' lang='lat' dir='ltr'><strong>instrumentis,</strong></span> <span class='ocrx_word' id='word_1_66' title='bbox 797 1543 1001 1634; x_wconf 81' lang='lat' dir='ltr'><strong>privilegiis,</strong></span> <span class='ocrx_word' id='word_1_67' title='bbox 1026 1560 1059 1613; x_wconf 86' lang='lat' dir='ltr'><strong>et</strong></span> <span class='ocrx_word' id='word_1_68' title='bbox 1083 1544 1309 1636; x_wconf 88' lang='lat' dir='ltr'><strong>episcoporum</strong></span> <span class='ocrx_word' id='word_1_69' title='bbox 1333 1563 1425 1616; x_wconf 88' lang='lat' dir='ltr'><strong>vete-</strong></span> 
     </span>
     <span class='ocr_line' id='line_1_12' title="bbox 348 1637 1422 1753; baseline -0.003 -20"><span class='ocrx_word' id='word_1_70' title='bbox 348 1691 365 1753; x_wconf 67' lang='lat' dir='ltr'>s</span> <span class='ocrx_word' id='word_1_71' title='bbox 407 1637 481 1733; x_wconf 74' lang='lat' dir='ltr'><strong>suns</strong></span> <span class='ocrx_word' id='word_1_72' title='bbox 501 1658 714 1746; x_wconf 88' lang='lat' dir='ltr'><strong>auctoritate,</strong></span> <span class='ocrx_word' id='word_1_73' title='bbox 745 1659 878 1727; x_wconf 87' lang='lat' dir='ltr'><strong>easdem</strong></span> <span class='ocrx_word' id='word_1_74' title='bbox 900 1659 1073 1728; x_wconf 81' lang='lat' dir='ltr'><strong>canonicas</strong></span> <span class='ocrx_word' id='word_1_75' title='bbox 1094 1658 1354 1750; x_wconf 76' lang='lat' dir='ltr'><strong>appellantium.</strong></span> <span class='ocrx_word' id='word_1_76' title='bbox 1383 1663 1422 1730; x_wconf 86' lang='lat' dir='ltr'><strong>In</strong></span> 
     </span>
     <span class='ocr_line' id='line_1_13' title="bbox 412 1776 1425 1864; baseline -0.005 -13"><span class='ocrx_word' id='word_1_77' title='bbox 412 1782 513 1852; x_wconf 81' lang='lat' dir='ltr'><strong>altera</strong></span> <span class='ocrx_word' id='word_1_78' title='bbox 543 1804 618 1850; x_wconf 76' lang='lat' dir='ltr'><strong>sero</strong></span> <span class='ocrx_word' id='word_1_79' title='bbox 638 1778 765 1864; x_wconf 84' lang='lat' dir='ltr'><strong>tradit,</strong></span> <span class='ocrx_word' id='word_1_80' title='bbox 786 1779 897 1848; x_wconf 84' lang='lat' dir='ltr'><strong>medio</strong></span> <span class='ocrx_word' id='word_1_81' title='bbox 924 1802 1005 1848; x_wconf 80' lang='lat' dir='ltr'><strong>aeuo</strong></span> <span class='ocrx_word' id='word_1_82' title='bbox 1034 1776 1134 1848; x_wconf 81' lang='lat' dir='ltr'><strong>fuisse</strong></span> <span class='ocrx_word' id='word_1_83' title='bbox 1152 1777 1279 1847; x_wconf 85' lang='lat' dir='ltr'><strong>Patavii</strong></span> <span class='ocrx_word' id='word_1_84' title='bbox 1311 1803 1425 1846; x_wconf 87' lang='lat' dir='ltr'><strong>mona-</strong></span> 
     </span>
     <span class='ocr_line' id='line_1_14' title="bbox 408 1893 1426 1985; baseline -0.001 -22"><span class='ocrx_word' id='word_1_85' title='bbox 408 1895 532 1980; x_wconf 85' lang='lat' dir='ltr'><strong>steria,</strong></span> <span class='ocrx_word' id='word_1_86' title='bbox 567 1917 650 1985; x_wconf 88' lang='lat' dir='ltr'><strong>qnae</strong></span> <span class='ocrx_word' id='word_1_87' title='bbox 679 1893 858 1962; x_wconf 84' lang='lat' dir='ltr'><strong>monachos</strong></span> <span class='ocrx_word' id='word_1_88' title='bbox 878 1910 912 1961; x_wconf 94' lang='lat' dir='ltr'><strong>et</strong></span> <span class='ocrx_word' id='word_1_89' title='bbox 945 1893 1105 1962; x_wconf 82' lang='lat' dir='ltr'><strong>moniales</strong></span> <span class='ocrx_word' id='word_1_90' title='bbox 1133 1894 1426 1984; x_wconf 79' lang='lat' dir='ltr'><strong>complecterentur</strong></span> 
     </span>
     <span class='ocr_line' id='line_1_15' title="bbox 407 2007 1424 2106; baseline 0.001 -31"><span class='ocrx_word' id='word_1_91' title='bbox 407 2007 614 2106; x_wconf 85' lang='lat' dir='ltr'><strong>promiscue.</strong></span> <span class='ocrx_word' id='word_1_92' title='bbox 636 2007 737 2076; x_wconf 89' lang='lat' dir='ltr'><strong>Suam</strong></span> <span class='ocrx_word' id='word_1_93' title='bbox 758 2007 843 2076; x_wconf 89' lang='lat' dir='ltr'><strong>hunc</strong></span> <span class='ocrx_word' id='word_1_94' title='bbox 862 2008 1051 2097; x_wconf 89' lang='lat' dir='ltr'><strong>opinionem</strong></span> <span class='ocrx_word' id='word_1_95' title='bbox 1074 2023 1184 2076; x_wconf 85' lang='lat' dir='ltr'><strong>eontra</strong></span> <span class='ocrx_word' id='word_1_96' title='bbox 1204 2008 1424 2078; x_wconf 83' lang='lat' dir='ltr'><strong>lllnratorinm</strong></span> 
     </span>
     <span class='ocr_line' id='line_1_16' title="bbox 410 2121 1425 2214; baseline 0.004 -24"><span class='ocrx_word' id='word_1_97' title='bbox 410 2139 517 2190; x_wconf 88' lang='lat' dir='ltr'><strong>tuetur</strong></span> <span class='ocrx_word' id='word_1_98' title='bbox 538 2125 590 2214; x_wconf 87' lang='lat'><strong>(2)</strong></span> <span class='ocrx_word' id='word_1_99' title='bbox 613 2122 755 2214; x_wconf 88' lang='lat' dir='ltr'><strong>antiquis</strong></span> <span class='ocrx_word' id='word_1_100' title='bbox 786 2121 928 2208; x_wconf 82' lang='lat' dir='ltr'><strong>chartis,</strong></span> <span class='ocrx_word' id='word_1_101' title='bbox 950 2123 1206 2214; x_wconf 88' lang='lat' dir='ltr'><strong>diplomatibus,</strong></span> <span class='ocrx_word' id='word_1_102' title='bbox 1231 2123 1425 2194; x_wconf 87' lang='lat' dir='ltr'><strong>Pontificum</strong></span> 
     </span>
     <span class='ocr_line' id='line_1_17' title="bbox 410 2237 1425 2336; baseline 0.004 -30"><span class='ocrx_word' id='word_1_103' title='bbox 410 2237 531 2336; x_wconf 82' lang='lat' dir='ltr'><strong>bullis.</strong></span> <span class='ocrx_word' id='word_1_104' title='bbox 558 2241 667 2329; x_wconf 88' lang='lat' dir='ltr'><strong>Quam</strong></span> <span class='ocrx_word' id='word_1_105' title='bbox 703 2257 813 2308; x_wconf 87' lang='lat' dir='ltr'><strong>tamen</strong></span> <span class='ocrx_word' id='word_1_106' title='bbox 843 2257 955 2330; x_wconf 87' lang='lat' dir='ltr'><strong>postea</strong></span> <span class='ocrx_word' id='word_1_107' title='bbox 985 2239 1191 2330; x_wconf 81' lang='lat' dir='ltr'><strong>impugnavit</strong></span> <span class='ocrx_word' id='word_1_108' title='bbox 1219 2239 1425 2310; x_wconf 76' lang='lat' dir='ltr'><strong>Blaneolinus</strong></span> 
     </span>
     <span class='ocr_line' id='line_1_18' title="bbox 408 2353 1425 2450; baseline 0 -24"><span class='ocrx_word' id='word_1_109' title='bbox 408 2357 443 2426; x_wconf 89' lang='lat' dir='ltr'><strong>in</strong></span> <span class='ocrx_word' id='word_1_110' title='bbox 476 2358 562 2426; x_wconf 80' lang='lat' dir='ltr'><strong>libro</strong></span> <span class='ocrx_word' id='word_1_111' title='bbox 595 2359 647 2425; x_wconf 89' lang='lat' dir='ltr'><strong>eui</strong></span> <span class='ocrx_word' id='word_1_112' title='bbox 670 2359 801 2427; x_wconf 89' lang='lat' dir='ltr'><strong>titulum</strong></span> <span class='ocrx_word' id='word_1_113' title='bbox 833 2356 920 2427; x_wconf 90' lang='lat' dir='ltr'><strong>hunc</strong></span> <span class='ocrx_word' id='word_1_114' title='bbox 941 2358 1111 2450; x_wconf 84' lang='lat' dir='ltr'><strong>praefixit:</strong></span> <span class='ocrx_word' id='word_1_115' title='bbox 1133 2353 1425 2428; x_wconf 82' lang='lat' dir='ltr'><strong>Notiziestoricbe</strong></span> 
     </span>
     <span class='ocr_line' id='line_1_19' title="bbox 407 2471 1424 2564; baseline -0.001 -23"><span class='ocrx_word' id='word_1_116' title='bbox 407 2471 498 2542; x_wconf 81' lang='lat' dir='ltr'><strong>delle</strong></span> <span class='ocrx_word' id='word_1_117' title='bbox 517 2472 627 2542; x_wconf 75' lang='lat' dir='ltr'><strong>chiese</strong></span> <span class='ocrx_word' id='word_1_118' title='bbox 646 2472 684 2542; x_wconf 83' lang='lat' dir='ltr'><strong>di</strong></span> <span class='ocrx_word' id='word_1_119' title='bbox 707 2474 834 2540; x_wconf 82' lang='lat' dir='ltr'><strong>Verona</strong></span> <span class='ocrx_word' id='word_1_120' title='bbox 856 2475 931 2564; x_wconf 79' lang='lat'><strong>(5).</strong></span> <span class='ocrx_word' id='word_1_121' title='bbox 952 2476 996 2542; x_wconf 85' lang='lat' dir='ltr'><strong>At</strong></span> <span class='ocrx_word' id='word_1_122' title='bbox 1026 2473 1054 2546; x_wconf 89' lang='lat' dir='ltr'><strong>si</strong></span> <span class='ocrx_word' id='word_1_123' title='bbox 1075 2473 1243 2562; x_wconf 88' lang='lat' dir='ltr'><strong>publicum</strong></span> <span class='ocrx_word' id='word_1_124' title='bbox 1274 2473 1424 2542; x_wconf 89' lang='lat' dir='ltr'><strong>testimo-</strong></span> 
     </span>
     <span class='ocr_line' id='line_1_20' title="bbox 406 2589 1424 2683; baseline 0.004 -25"><span class='ocrx_word' id='word_1_125' title='bbox 406 2591 501 2661; x_wconf 90' lang='lat' dir='ltr'><strong>nium</strong></span> <span class='ocrx_word' id='word_1_126' title='bbox 520 2589 641 2662; x_wconf 78' lang='lat' dir='ltr'><strong>suflicit</strong></span> <span class='ocrx_word' id='word_1_127' title='bbox 660 2593 702 2662; x_wconf 88' lang='lat' dir='ltr'><strong>ad</strong></span> <span class='ocrx_word' id='word_1_128' title='bbox 721 2592 939 2662; x_wconf 86' lang='lat' dir='ltr'><strong>stabilitatem</strong></span> <span class='ocrx_word' id='word_1_129' title='bbox 961 2590 1086 2676; x_wconf 73' lang='lat' dir='ltr'><strong>leenae,</strong></span> <span class='ocrx_word' id='word_1_130' title='bbox 1107 2593 1213 2662; x_wconf 89' lang='lat' dir='ltr'><strong>tnnlto</strong></span> <span class='ocrx_word' id='word_1_131' title='bbox 1234 2590 1339 2683; x_wconf 81' lang='lat' dir='ltr'><strong>magis</strong></span> <span class='ocrx_word' id='word_1_132' title='bbox 1363 2591 1424 2662; x_wconf 88' lang='lat' dir='ltr'><strong>de-</strong></span> 
     </span>
    </p>
   </div>
   <div class='ocr_carea' id='block_1_5' title="bbox 294 2705 1425 2780">
    <p class='ocr_par' dir='ltr' id='par_1_5' title="bbox 294 2705 1425 2780">
     <span class='ocr_line' id='line_1_21' title="bbox 294 2705 1425 2780; baseline -0.001 -5"><span class='ocrx_word' id='word_1_133' title='bbox 294 2731 300 2741; x_wconf 93' lang='lat'><strong>·</strong></span> <span class='ocrx_word' id='word_1_134' title='bbox 326 2763 329 2770; x_wconf 96' lang='lat'>.</span> <span class='ocrx_word' id='word_1_135' title='bbox 404 2705 463 2776; x_wconf 89' lang='lat' dir='ltr'><strong>bot</strong></span> <span class='ocrx_word' id='word_1_136' title='bbox 482 2706 628 2776; x_wconf 81' lang='lat' dir='ltr'><strong>sufficere</strong></span> <span class='ocrx_word' id='word_1_137' title='bbox 650 2725 740 2776; x_wconf 87' lang='lat' dir='ltr'><strong>tanta</strong></span> <span class='ocrx_word' id='word_1_138' title='bbox 755 2709 1020 2778; x_wconf 84' lang='lat' dir='ltr'><strong>testimoniorum</strong></span> <span class='ocrx_word' id='word_1_139' title='bbox 1037 2707 1141 2778; x_wconf 88' lang='lat' dir='ltr'><strong>nubes</strong></span> <span class='ocrx_word' id='word_1_140' title='bbox 1158 2725 1175 2777; x_wconf 85' lang='lat' dir='ltr'><strong>a</strong></span> <span class='ocrx_word' id='word_1_141' title='bbox 1195 2708 1350 2780; x_wconf 86' lang='lat' dir='ltr'><strong>Brunatio</strong></span> <span class='ocrx_word' id='word_1_142' title='bbox 1367 2732 1425 2774; x_wconf 90' lang='lat' dir='ltr'><strong>no-</strong></span> 
     </span>
    </p>
   </div>
   <div class='ocr_carea' id='block_1_6' title="bbox 405 2821 1429 3152">
    <p class='ocr_par' dir='ltr' id='par_1_6' title="bbox 405 2821 1429 3152">
     <span class='ocr_line' id='line_1_22' title="bbox 406 2821 655 2909; baseline 0.008 -18"><span class='ocrx_word' id='word_1_143' title='bbox 406 2821 459 2909; x_wconf 80' lang='lat' dir='ltr'><strong>bis</strong></span> <span class='ocrx_word' id='word_1_144' title='bbox 484 2824 655 2896; x_wconf 84' lang='lat' dir='ltr'><strong>exhibita.</strong></span> 
     </span>
     <span class='ocr_line' id='line_1_23' title="bbox 451 2938 1429 3030; baseline -0.001 -22"><span class='ocrx_word' id='word_1_145' title='bbox 451 2942 556 3008; x_wconf 85' lang='lat' dir='ltr'><strong>Probe</strong></span> <span class='ocrx_word' id='word_1_146' title='bbox 576 2943 744 3010; x_wconf 81' lang='lat' dir='ltr'><strong>enimvero</strong></span> <span class='ocrx_word' id='word_1_147' title='bbox 764 2939 821 3009; x_wconf 88' lang='lat' dir='ltr'><strong>ille</strong></span> <span class='ocrx_word' id='word_1_148' title='bbox 841 2939 1002 3009; x_wconf 89' lang='lat' dir='ltr'><strong>eruditam</strong></span> <span class='ocrx_word' id='word_1_149' title='bbox 1034 2939 1117 3008; x_wconf 88' lang='lat' dir='ltr'><strong>bane</strong></span> <span class='ocrx_word' id='word_1_150' title='bbox 1128 2993 1138 3025; x_wconf 87' lang='lat'><strong><em>,</em></strong></span> <span class='ocrx_word' id='word_1_151' title='bbox 1160 2939 1200 3007; x_wconf 86' lang='lat' dir='ltr'><strong>de</strong></span> <span class='ocrx_word' id='word_1_152' title='bbox 1227 2964 1291 3030; x_wconf 89' lang='lat' dir='ltr'><strong>qua</strong></span> <span class='ocrx_word' id='word_1_153' title='bbox 1321 2938 1429 3030; x_wconf 67' lang='lat' dir='ltr'><strong>loqui7</strong></span> 
     </span>
     <span class='ocr_line' id='line_1_24' title="bbox 405 3057 1428 3152; baseline 0.001 -25"><span class='ocrx_word' id='word_1_154' title='bbox 405 3083 500 3152; x_wconf 79' lang='lat' dir='ltr'><strong>mur,</strong></span> <span class='ocrx_word' id='word_1_155' title='bbox 519 3059 753 3150; x_wconf 83' lang='lat' dir='ltr'><strong>antiquitatem</strong></span> <span class='ocrx_word' id='word_1_156' title='bbox 774 3060 922 3129; x_wconf 86' lang='lat' dir='ltr'><strong>tenebat.</strong></span> <span class='ocrx_word' id='word_1_157' title='bbox 944 3061 1057 3143; x_wconf 72' lang='lat' dir='ltr'><strong>llatae,</strong></span> <span class='ocrx_word' id='word_1_158' title='bbox 1081 3059 1130 3128; x_wconf 90' lang='lat' dir='ltr'><strong>nti</strong></span> <span class='ocrx_word' id='word_1_159' title='bbox 1151 3057 1310 3144; x_wconf 86' lang='lat' dir='ltr'><strong>vidimus,</strong></span> <span class='ocrx_word' id='word_1_160' title='bbox 1330 3083 1428 3130; x_wconf 82' lang='lat' dir='ltr'><strong>exeo-</strong></span> 
     </span>
    </p>
   </div>
   <div class='ocr_carea' id='block_1_7' title="bbox 407 3371 1430 3664">
    <p class='ocr_par' dir='ltr' id='par_1_7' title="bbox 407 3371 1430 3664">
     <span class='ocr_line' id='line_1_25' title="bbox 448 3371 1426 3456; baseline -0.002 -20"><span class='ocrx_word' id='word_1_161' title='bbox 448 3375 497 3454; x_wconf 87' lang='lat'><strong>(1)</strong></span> <span class='ocrx_word' id='word_1_162' title='bbox 520 3375 607 3434; x_wconf 77' lang='lat' dir='ltr'><strong>Anno</strong></span> <span class='ocrx_word' id='word_1_163' title='bbox 630 3373 705 3456; x_wconf 73' lang='lat'><strong>1745</strong></span> <span class='ocrx_word' id='word_1_164' title='bbox 724 3371 801 3455; x_wconf 82' lang='lat' dir='ltr'><strong>typis</strong></span> <span class='ocrx_word' id='word_1_165' title='bbox 822 3371 972 3436; x_wconf 77' lang='lat' dir='ltr'><strong>seminarii</strong></span> <span class='ocrx_word' id='word_1_166' title='bbox 991 3375 1139 3454; x_wconf 82' lang='lat' dir='ltr'><strong>patasini.</strong></span> <span class='ocrx_word' id='word_1_167' title='bbox 1158 3372 1236 3438; x_wconf 86' lang='lat' dir='ltr'><strong>Vide</strong></span> <span class='ocrx_word' id='word_1_168' title='bbox 1257 3375 1330 3434; x_wconf 79' lang='lat' dir='ltr'><strong>Aeta</strong></span> <span class='ocrx_word' id='word_1_169' title='bbox 1349 3375 1426 3434; x_wconf 86' lang='lat' dir='ltr'><strong>Eru-</strong></span> 
     </span>
     <span class='ocr_line' id='line_1_26' title="bbox 407 3469 1113 3562; baseline -0.001 -22"><span class='ocrx_word' id='word_1_170' title='bbox 407 3479 530 3550; x_wconf 79' lang='lat' dir='ltr'><strong>ditonnn</strong></span> <span class='ocrx_word' id='word_1_171' title='bbox 551 3481 695 3562; x_wconf 87' lang='lat' dir='ltr'><strong>Lipsiens.</strong></span> <span class='ocrx_word' id='word_1_172' title='bbox 715 3479 751 3539; x_wconf 84' lang='lat' dir='ltr'><strong>ad</strong></span> <span class='ocrx_word' id='word_1_173' title='bbox 774 3499 841 3536; x_wconf 88' lang='lat' dir='ltr'><strong>ann.</strong></span> <span class='ocrx_word' id='word_1_174' title='bbox 866 3481 940 3559; x_wconf 68' lang='lat'><strong>1748</strong></span> <span class='ocrx_word' id='word_1_175' title='bbox 960 3469 1024 3560; x_wconf 70' lang='lat' dir='ltr'><strong>pag.</strong></span> <span class='ocrx_word' id='word_1_176' title='bbox 1045 3489 1113 3554; x_wconf 68' lang='lat'><strong>4¹0·</strong></span> 
     </span>
     <span class='ocr_line' id='line_1_27' title="bbox 446 3581 1430 3664; baseline 0 -22"><span class='ocrx_word' id='word_1_177' title='bbox 446 3587 495 3662; x_wconf 85' lang='lat'><strong>(2)</strong></span> <span class='ocrx_word' id='word_1_178' title='bbox 516 3586 654 3644; x_wconf 74' lang='lat' dir='ltr'><strong>Eumelem</strong></span> <span class='ocrx_word' id='word_1_179' title='bbox 679 3597 825 3664; x_wconf 85' lang='lat' dir='ltr'><strong>praeterea</strong></span> <span class='ocrx_word' id='word_1_180' title='bbox 845 3581 965 3642; x_wconf 87' lang='lat' dir='ltr'><strong>dimovit</strong></span> <span class='ocrx_word' id='word_1_181' title='bbox 992 3605 1007 3642; x_wconf 87' lang='lat' dir='ltr'><strong>a</strong></span> <span class='ocrx_word' id='word_1_182' title='bbox 1040 3581 1209 3662; x_wconf 81' lang='lat' dir='ltr'><strong>quibusdam</strong></span> <span class='ocrx_word' id='word_1_183' title='bbox 1229 3582 1293 3642; x_wconf 86' lang='lat' dir='ltr'><strong>aliis</strong></span> <span class='ocrx_word' id='word_1_184' title='bbox 1317 3581 1430 3662; x_wconf 89' lang='lat' dir='ltr'><strong>opinio·</strong></span> 
     </span>
    </p>
   </div>
   <div class='ocr_carea' id='block_1_8' title="bbox 407 3686 1429 3779">
    <p class='ocr_par' dir='ltr' id='par_1_8' title="bbox 407 3686 1429 3779">
     <span class='ocr_line' id='line_1_28' title="bbox 407 3686 1429 3779; baseline -0.001 -31"><span class='ocrx_word' id='word_1_185' title='bbox 407 3686 514 3761; x_wconf 84' lang='lat' dir='ltr'><strong>nibus,</strong></span> <span class='ocrx_word' id='word_1_186' title='bbox 533 3708 602 3768; x_wconf 86' lang='lat' dir='ltr'><strong>quas</strong></span> <span class='ocrx_word' id='word_1_187' title='bbox 623 3687 791 3748; x_wconf 77' lang='lat' dir='ltr'><strong>imbiberat.</strong></span> <span class='ocrx_word' id='word_1_188' title='bbox 814 3687 850 3748; x_wconf 85' lang='lat' dir='ltr'><strong>ld</strong></span> <span class='ocrx_word' id='word_1_189' title='bbox 870 3687 1048 3748; x_wconf 79' lang='lat' dir='ltr'><strong>lllnratorius</strong></span> <span class='ocrx_word' id='word_1_190' title='bbox 1067 3687 1128 3772; x_wconf 87' lang='lat' dir='ltr'><strong>ipse</strong></span> <span class='ocrx_word' id='word_1_191' title='bbox 1144 3698 1271 3779; x_wconf 70' lang='lat' dir='ltr'><strong>⁸testatus</strong></span> <span class='ocrx_word' id='word_1_192' title='bbox 1289 3687 1429 3746; x_wconf 79' lang='lat' dir='ltr'><strong>Bruuatin</strong></span> 
     </span>
    </p>
   </div>
   <div class='ocr_carea' id='block_1_9' title="bbox 404 3793 1432 3961">
    <p class='ocr_par' dir='ltr' id='par_1_9' title="bbox 404 3793 1432 3961">
     <span class='ocr_line' id='line_1_29' title="bbox 404 3793 1432 3877; baseline 0.001 -22"><span class='ocrx_word' id='word_1_193' title='bbox 404 3793 449 3855; x_wconf 83' lang='lat' dir='ltr'><strong>his</strong></span> <span class='ocrx_word' id='word_1_194' title='bbox 469 3797 580 3856; x_wconf 81' lang='lat' dir='ltr'><strong>verbis:</strong></span> <span class='ocrx_word' id='word_1_195' title='bbox 604 3797 656 3856; x_wconf 90' lang='lat' dir='ltr'><strong>Ha</strong></span> <span class='ocrx_word' id='word_1_196' title='bbox 676 3801 737 3856; x_wconf 85' lang='lat' dir='ltr'><strong>ella</strong></span> <span class='ocrx_word' id='word_1_197' title='bbox 756 3802 875 3858; x_wconf 75' lang='lat' dir='ltr'><strong>rimasse</strong></span> <span class='ocrx_word' id='word_1_198' title='bbox 895 3797 927 3856; x_wconf 87' lang='lat' dir='ltr'><strong>al</strong></span> <span class='ocrx_word' id='word_1_199' title='bbox 943 3797 1051 3856; x_wconf 80' lang='lat' dir='ltr'><strong>dovere</strong></span> <span class='ocrx_word' id='word_1_200' title='bbox 1068 3799 1172 3856; x_wconf 82' lang='lat' dir='ltr'><strong>ulcnne</strong></span> <span class='ocrx_word' id='word_1_201' title='bbox 1200 3798 1258 3854; x_wconf 82' lang='lat' dir='ltr'><strong>mle</strong></span> <span class='ocrx_word' id='word_1_202' title='bbox 1280 3797 1432 3877; x_wconf 78' lang='lat' dir='ltr'><strong>opinioni·</strong></span> 
     </span>
     <span class='ocr_line' id='line_1_30' title="bbox 406 3900 647 3961; baseline 0.004 -1"><span class='ocrx_word' id='word_1_203' title='bbox 406 3900 441 3960; x_wconf 87' lang='lat' dir='ltr'><strong>lu</strong></span> <span class='ocrx_word' id='word_1_204' title='bbox 462 3903 571 3961; x_wconf 78' lang='lat' dir='ltr'><strong>Histoe.</strong></span> <span class='ocrx_word' id='word_1_205' title='bbox 593 3923 647 3961; x_wconf 87' lang='lat' dir='ltr'><strong>ms.</strong></span> 
     </span>
    </p>
   </div>
   <div class='ocr_carea' id='block_1_10' title="bbox 450 4007 1066 4100">
    <p class='ocr_par' dir='ltr' id='par_1_10' title="bbox 450 4007 1066 4100">
     <span class='ocr_line' id='line_1_31' title="bbox 450 4007 1066 4100; baseline -0.002 -31"><span class='ocrx_word' id='word_1_206' title='bbox 450 4008 499 4088; x_wconf 70' lang='grc' dir='ltr'><strong>(ὅ)</strong></span> <span class='ocrx_word' id='word_1_207' title='bbox 523 4007 591 4070; x_wconf 89' lang='lat' dir='ltr'><strong>Lib.</strong></span> <span class='ocrx_word' id='word_1_208' title='bbox 609 4019 637 4088; x_wconf 77' lang='grc'><strong>4.</strong></span> <span class='ocrx_word' id='word_1_209' title='bbox 659 4029 723 4091; x_wconf 81' lang='lat' dir='ltr'><strong>pag.</strong></span> <span class='ocrx_word' id='word_1_210' title='bbox 749 4029 773 4070; x_wconf 88' lang='lat'><strong>1.</strong></span> <span class='ocrx_word' id='word_1_211' title='bbox 793 4019 823 4068; x_wconf 93' lang='lat' dir='ltr'><strong>et</strong></span> <span class='ocrx_word' id='word_1_212' title='bbox 843 4007 1046 4088; x_wconf 87' lang='lat' dir='ltr'><strong>sequentibus.</strong></span> <span class='ocrx_word' id='word_1_213' title='bbox 1063 4090 1066 4100; x_wconf 65' lang='lat'><em>,</em></span> 
     </span>
    </p>
   </div>
   <div class='ocr_carea' id='block_1_11' title="bbox 0 0 1634 4959">
    <p class='ocr_par' dir='ltr' id='par_1_11' title="bbox 0 0 1634 4959">
     <span class='ocr_line' id='line_1_32' title="bbox 0 0 1634 4959; baseline 0 1"><span class='ocrx_word' id='word_1_214' title='bbox 0 0 1634 4959; x_wconf 95' lang='lat' dir='ltr'><strong> </strong></span> 
     </span>
    </p>
   </div>
  </div>
 </body>
</html>
