3259 4959
1187 332 1231 411 ¹7

211 446 324 537 Facile
340 444 376 517 id
395 441 573 535 perspiciet
600 442 800 535 quicumque
818 441 1002 537 intelliget,
1019 468 1119 539 quem
1139 464 1226 521 tanr-

215 566 300 643 dem
314 562 379 654 ipsi
400 579 550 645 tenerent
569 562 656 633 vitae
676 587 826 632 cursum.
845 563 924 633 Sola
942 563 1048 655 ipsius
1065 568 1232 655 expositio

213 678 343 771 prolixa
371 676 518 747 laudatio
545 694 613 747 est.
642 678 690 747 Ut
716 676 752 745 id
778 692 1003 767 praestemus,
1025 677 1232 751 versabimur

214 797 251 869 in
271 796 369 867 rebus
387 794 528 887 singulis
545 812 580 865 et
598 794 755 869 minutis:
773 818 880 887 neque
898 820 958 867 nos
969 794 1118 888 pigebit3
1131 795 1167 865 in
1178 798 1233 868 his

215 913 306 985 enim
326 912 423 985 facile
439 931 555 985 natura
573 937 609 983 se
628 913 753 1006 prodlt.
781 916 833 985 Ex
859 914 999 1007 singulis
1017 929 1129 985 autern
1155 939 1233 985 coa-

214 1024 312 1097 lescit
330 1024 490 1112 historia,
509 1044 544 1097 et
563 1028 648 1097 hanc
658 1079 669 1114 ,
697 1022 785 1117 quus¹
808 1028 938 1099 minuta
955 1044 1054 1114 sunt,
1073 1027 1231 1119 probabi,

215 1137 283 1215 tem
303 1140 410 1233 magis
429 1140 587 1212 reddunt.
606 1140 671 1211 Sed
691 1164 761 1210 rem
781 1138 971 1212 ordiemur.

262 1259 388 1327 Omnes
408 1258 520 1351 itaque
537 1256 625 1327 bene
653 1280 752 1328 mane
780 1280 911 1349 surgere
929 1256 1128 1352 jubebantur
1148 1283 1232 1350 quo-
1347 1348 1351 1357 ,

217 1370 321 1455 tidie,
341 1385 375 1440 et
392 1370 492 1440 horae
512 1368 690 1440 dimidium
709 1370 745 1438 in
764 1392 877 1439 earum
897 1392 1005 1440 rerum
1027 1371 1234 1460 contempla-

216 1484 343 1557 tionem
373 1484 594 1575 impeoders,
622 1506 704 1575 ques
736 1499 813 1574 poet
841 1505 979 1553 coenam
1006 1483 1234 1574 praecedentis
1292 1479 1297 1489 '

219 1602 288 1673 diei
318 1602 439 1683 iisdem
466 1619 678 1693 proposuerat
707 1600 935 1678 confessarius
961 1602 997 1671 in
1019 1602 1163 1694 templo,
1181 1603 1237 1675 rel

217 1716 291 1809 ipse
309 1716 513 1809 Episcopus.
532 1716 668 1787 Solebat
686 1715 776 1799 enirn
794 1716 854 1793 ille
874 1716 911 1794 in
936 1715 1077 1787 alionum
1104 1740 1235 1808 quoque

218 1846 328 1921 partes
349 1830 565 1917 descendere,
577 1846 612 1912 et
630 1854 742 1913 eorum
757 1853 858 1909 onera
875 1829 941 1907 sibi
960 1830 1150 1923 imponere.
1166 1831 1233 1898 Do·

218 1942 343 2013 bebant
369 1968 483 2015 omnes
513 1946 605 2037 piam
633 1944 720 2015 hanc
749 1943 843 2013 obire
868 1943 1144 2023 exercitationem
1163 1958 1235 2020 turn

218 2064 350 2151 clerici,
370 2082 439 2135 turn
470 2065 638 2155 magistri.
657 2062 816 2153 Utrisque
845 2062 1024 2151 praebebat
1041 2063 1231 2134 cardinalis

217 2174 346 2252 illustre
364 2178 573 2265 exemplum,
591 2176 719 2264 quoties
738 2190 962 2263 pernoctasset
977 2174 1012 2244 in
1027 2175 1237 2263 Seminario,'

216 2288 298 2357 licet
317 2288 433 2365 eadem
453 2286 591 2355 hiemali
611 2302 758 2378 ternpore
778 2282 905 2356 duabus
923 2285 1013 2355 horis
1035 2285 1233 2377 etamplius

220 2417 439 2481 anteverteret
464 2416 572 2481 ortum
590 2398 697 2469 solis.
724 2400 779 2470 ‚tt
807 2400 893 2469 hanc
916 2396 1014 2479 facile
1046 2416 1090 2471 et
1106 2400 1233 2473 utiliter

219 2513 406 2588 obeundam
424 2515 535 2606 pueris
549 2530 654 2593 certes
673 2513 922 2605 praeceptiones
940 2514 1014 2605 ipse
1033 2514 1235 2602 tradiderat,

219 2632 324 2711 lectus
338 2637 490 2729 parvulus
502 2658 578 2705 cunr
597 2634 757 2725 Apostolc
771 2632 931 2717 iunctio
946 2658 1061 2706 eorum
1075 2637 1148 2730 (1).
1160 2634 1233 2708 Ἧι

220 2754 284 2827 beo
301 2773 433 2847 peraeta
441 2808 453 2841 ‚
467 2754 651 2825 recitabant
668 2753 781 2824 statim
797 2753 963 2827 ,clericiin
981 2754 1141 2827 honorem
1155 2754 1233 2826 Vtr-

222 2870 309 2963 ginis
335 2868 433 2951 officii
453 2884 601 2959 partem,
621 2884 748 2958 partem
768 2890 846 2949 vero
868 2868 1034 2952 submissa
1051 2891 1132 2939 voce
1157 2892 1234 2945 cnm

222 2982 334 3065 divino
348 2984 544 3061 interessent
559 2982 738 3071 sacrifie103
755 2980 843 3075 quod
866 2982 1028 3073 reliquum
1046 2998 1140 3052 erant
1155 3007 1232 3075 pere
1299 3026 1302 3029 ·

220 3098 376 3184 soluturi,
392 3099 561 3192 ingruente
575 3114 688 3183 nocte,
702 3095 949 3190 pomeridianae
965 3096 1097 3167 scholae
1115 3118 1234 3179 muneq

223 3238 259 3285 re
276 3216 345 3310 jam
364 3216 525 3307 perfuncti
544 3222 560 3311 (
583 3220 619 3311 ).

268 3333 424 3422 Quotidie
441 3351 612 3427 praeterea
630 3334 673 3406 ab
692 3336 802 3427 aliquo
821 3360 864 3407 ex
890 3334 1057 3421 alumnis,
1073 3333 1112 3405 id
1137 3344 1236 3426 prae4

223 3442 388 3523 scribente
407 3446 618 3537 Grecomo,
646 3449 725 3521 dum
753 3451 855 3527 ceteri
885 3450 999 3523 eibum
1017 3449 1235 3536 sumerentur

561 3680 894 3711 “smmum

265 3844 316 3923 (t)
337 3846 405 3908 re.
423 3850 526 3928 maer,
545 3852 590 3919 τ.
610 3855 650 3917 u
670 3854 810 3919 summe.
828 3875 860 3940 p.
882 3852 950 3919 rso.
970 3830 1038 3935 ree

265 3952 316 4039 (a)
336 3954 464 4112 instiget.
483 3956 523 4021 ud
540 3960 649 4027 Senio.
666 3964 778 4057 Regin·
798 3984 831 4049 p.
851 3963 902 4043 ⁶32
