3259 4959
402 406 451 467 Μ

404 534 591 620 Utrumque
622 520 938 618 praestor'o'noqoit
962 520 1032 591 sola
1058 511 1240 592 admonitio
1259 534 1294 591 et
1317 518 1421 613 impe·

405 646 495 721 ,tium
508 694 515 711 .

452 755 620 847 Explicori
640 754 750 825 verbis
769 778 835 823 non
854 768 962 844 potest
988 768 1147 844 quantum
1165 752 1203 823 id
1230 752 1420 845 prodesset.

405 871 493 945 Satis
513 885 584 940 erat
603 891 680 940 eum
700 866 841 955 intueri,
857 866 938 941 satis
957 892 1033 937 oum
1051 869 1124 959 ipso
1142 867 1303 959 colloqui,
1318 882 1355 935 nt
1372 866 1423 934 in.

405 985 449 1055 de
463 984 602 1075 quisquo
622 982 746 1073 pietate
759 982 949 1074 proficeret.
965 983 1088 1076 Leges,
1100 981 1317 1073 ntsocr‘omus
1332 978 1422 1071 quod

403 1110 557 1193 oportet,
572 1124 642 1177 non
658 1098 815 1189 efficiunt
833 1102 887 1192 (1)
899 1152 908 1169 .
919 1102 964 1171 At
982 1125 1066 1171 unna
1086 1101 1177 1170 illios
1196 1115 1348 1192 aspectos
1370 1120 1424 1174 vo

400 1217 543 1295 homene
563 1234 635 1287 erat
653 1216 696 1289 ad
716 1212 877 1309 pietatem
896 1214 1077 1306 impulsor.
1097 1217 1138 1292 Id
1156 1234 1268 1309 aperte
1286 1232 1424 1293 tentatur
1503 1239 1508 1247 ·

403 1353 459 1407 eat
479 1334 592 1406 nescio
613 1336 691 1427 quia
721 1360 765 1407 ox
789 1334 1056 1427 praeceptoribus
1075 1335 1146 1429 ojus,
1167 1333 1345 1425 temporist
1375 1338 1425 1405 Ea

406 1468 516 1527 aetate
540 1454 607 1545 (nt
626 1470 722 1525 antea
743 1452 1037 1523 animadvertimus
1053 1454 1068 1545 )
1087 1452 1285 1547 jubebantur
1310 1474 1427 1527 omnen

400 1567 556 1656 magistri
576 1583 710 1637 mature
730 1565 929 1650 admodum,
950 1569 1125 1656 praecipue
1144 1569 1180 1637 in
1199 1567 1331 1652 hiemo,
1349 1590 1428 1658 quo·

405 1677 491 1753 tidie
511 1700 663 1769 surgere,
682 1678 889 1755 Acoeteriurn
919 1702 1034 1755 omnes
1061 1679 1173 1766 adire,
1191 1680 1307 1771 ibique
1332 1701 1429 1749 rnen·

406 1810 478 1865 tom
497 1794 669 1865 intendere
688 1794 723 1861 in
743 1796 1057 1884 contemplationem
1078 1820 1185 1867 rerum
1202 1813 1425 1880 aeternarum.

404 1913 481 1995 flac
504 1912 563 1985 ille
582 1914 655 2004 logo
675 1913 803 1982 solutus
824 1929 895 1982 erat
904 1966 917 1998 ,
937 1918 1061 2004 quippe
1087 1916 1145 2007 qni
1163 1916 1317 1985 utebatur
1336 1914 1428 1988 tenui

405 2052 449 2099 ac
468 2028 598 2097 infirma
619 2028 830 2099 valetudine.
851 2027 946 2095 Idem
967 2044 1076 2113 tameo
1095 2030 1258 2101 excitatus
1283 2031 1430 2106 Greco-

407 2162 462 2221 arr
491 2140 646 2229 exemplo
662 2162 698 2209 oe
726 2140 896 2207 continere
924 2164 989 2211 non
1017 2158 1166 2231 poterat,
1193 2144 1275 2235 quin
1302 2160 1432 2217 curaret

408 2258 526 2353 quovis
547 2259 620 2327 nisu
637 2257 795 2333 interesse
814 2281 891 2327 curn
910 2259 987 2328 aliis
1011 2260 1089 2351 piae
1108 2262 1159 2332 illi
1181 2263 1431 2357 exercitationi,

406 2377 562 2467 quamvis
582 2401 646 2445 non
659 2379 731 2446 sino
742 2378 953 2447 incommodo
963 2380 1030 2472 (2).
1045 2384 1191 2466 Tantum
1209 2399 1338 2473 poterat
1349 2406 1433 2455 unua

406 2494 500 2571 illins
519 2494 686 2583 aspectus!
705 2520 856 2564 rovocare
874 2497 916 2564 ad
935 2516 1059 2568 rectum
1072 2502 1232 2587 potuisset
1245 2501 1298 2569 rei
1315 2500 1435 2591 inpra

409 2627 455 2674 va
473 2630 664 2674 conversos.
679 2605 800 2701 Aiebat
819 2608 901 2676 olim
919 2610 1122 2699 Pythagorae
1131 2664 1142 2696 ,
1159 2608 1267 2683 atium
1283 2612 1435 2687 oninium

408 2719 488 2817 fieri
515 2719 722 2793 intrantibus
748 2722 914 2813 templum
942 2727 1016 2819 (3).
1045 2728 1101 2798 Sic
1132 2731 1189 2821 qui
1214 2733 1435 2804 thcomon

410 2835 573 2923 adibant,
589 2837 618 2909 oi
640 2837 748 2906 vitiosi
772 2835 931 2925 fuissent,
956 2858 1090 2931 repente
1109 2845 1167 2922 olii
1191 2848 1429 2936 propemodum

411 2948 619 3023 evadebant.
638 2951 911 3037 Ad·modestiam
930 2955 1088 3025 nimirum
1107 2975 1141 3027 et
1163 2961 1322 3050 pietatem
1341 2986 1434 3031 corrr-

412 3065 637 3159 poncbantur.
665 3070 757 3158 Quin
783 3068 922 3165 juvabat
949 3073 1049 3145 etiarn
1083 3075 1155 3168 ejus
1181 3101 1334 3148 occursno
1360 3079 1434 3169 ipso

412 3179 585 3259 fortuitus.
600 3188 721 3279 Ingens
739 3190 830 3259 onim
851 3208 942 3276 orat,
963 3210 998 3261 et
1016 3212 1191 3287 pervagata
1211 3198 1296 3286 apud
1316 3222 1432 3274 omnet

412 3298 506 3377 illius
526 3300 710 3370 sanctitatis
729 3304 933 3383 existimatio
952 3306 1095 3379 etfama
1114 3310 1187 3402 (4).
1207 3314 1256 3383 Eo
1274 3335 1431 3405 praetem
1487 3324 1492 3333 “

416 3424 471 3501 te,
490 3434 589 3485 nemo
608 3438 705 3485 ausus
723 3435 812 3487 esset
832 3421 1069 3509 pracvaricari.

755 3589 1089 3632 mmmommmap

459 3686 511 3766 (r)
531 3686 633 3750 Sanco.
653 3688 712 3772 Ep.
730 3692 854 3757 XCIV»

459 3794 513 3872 (2)
532 3797 600 3857 Act.
622 3798 727 3859 Beatif.
749 3802 791 3865 T.
814 3802 869 3866 IV·
890 3800 1030 3865 Summo.
1049 3822 1116 3885 pag·
1137 3805 1209 3880 204,

460 3896 513 3975 (5)
534 3896 637 3961 Scoec.
657 3898 721 3963 loco
741 3903 791 3965 cit.

459 3999 514 4091 (4)
532 4002 603 4066 Act.
623 4004 727 4071 Beata
749 4008 791 4074 T.
812 4009 852 4073 11.
873 4008 1014 4082 Summa.
1033 4028 1100 4100 pag.
1119 4010 1191 4088 Mo,
1208 4020 1239 4077 ot
1255 4008 1327 4100 δᾳ,
