3259 4959
527 374 649 427 meost
667 375 892 430 truncarat
1075 313 1085 342 l
1160 354 1228 450 275

208 497 366 595 publico.
384 503 456 573 Hoc
473 494 592 574 eodem
609 501 668 573 ille
691 501 831 573 consilio
850 499 1106 592 Congrogationi
1126 525 1223 591 prae-

209 621 331 708 ficimr,
354 645 456 714 penes
478 645 578 712 quam
595 619 766 712 publicum
786 621 970 690 studiorum
990 620 1136 711 regimen
1150 622 1226 710 (r).

257 737 404 807 Noverat
420 736 511 808 idem
530 734 656 826 optime
675 733 844 824 utriusque
864 733 1010 805 muneris
1030 733 1229 822 dignitatem

209 877 248 924 ac
268 852 418 942 pondus3
444 849 529 920 nihil
547 836 721 941 propterea
739 847 877 949 omisit,
899 872 964 938 qno
982 848 1093 922 eidem
1113 871 1148 918 sc
1169 873 1231 938 pa·

210 989 281 1037 reru
300 965 470 1037 redderet.
483 969 527 1036 Et
545 964 790 1034 mathematicis
809 961 943 1054 quidem
964 984 1003 1032 ac
1019 961 1167 1052 physicis
1186 963 1235 1032 di·

207 1083 361 1175 sciplinis
378 1082 526 1156 instabat
552 1084 704 1168 assidue,
722 1081 784 1152 has
803 1080 1018 1171 promovebat
1036 1079 1153 1152 diurna
1172 1105 1234 1150 no-

207 1217 387 1288 ctumaqus
413 1197 716 1281 commentatione,
744 1195 860 1280 libris,
892 1195 1076 1282 machinis,
1108 1195 1232 1271 instru-

209 1310 546 1399 mentis.Praecipus
563 1332 640 1379 vero
659 1309 802 1398 eleganti
822 1309 974 1398 specula,
989 1331 1089 1398 quarn
1103 1308 1139 1382 in
1158 1333 1234 1400 par-

212 1425 320 1497 mensi
353 1446 431 1494 suae
453 1422 629 1494 societatis
647 1421 796 1513 Collegio
824 1423 1016 1512 erigendam
1035 1424 1180 1510 curavit,
1201 1442 1235 1492 et

213 1539 429 1613 muniendam
447 1537 642 1607 necessariis
660 1536 815 1608 omnibus
834 1537 876 1609 ad
898 1537 934 1607 id
953 1537 1129 1627 praesidiis
1148 1539 1163 1627 (
1187 1541 1226 1629 ).

260 1652 311 1723 Ibi
332 1675 419 1724 anno
450 1654 536 1748 1748
564 1668 732 1720 accuratae
761 1649 1008 1722 observationes
1026 1653 1171 1722 instituit
1200 1655 1235 1729 in
1264 1632 1271 1643 .

212 1768 293 1840 solis
321 1771 484 1862 lunaeque
501 1768 664 1860 eclipsin,
692 1793 830 1862 quarum
851 1769 977 1863 altera,
996 1791 1117 1860 nempe
1136 1770 1234 1856 solis,

212 1890 336 1959 accidit
358 1888 412 1960 die
439 1889 601 1982 vigesima
628 1889 743 1980 quinta
770 1889 874 1977 Iulii,
895 1890 996 1960 altem
1016 1905 1133 1960 octava
1161 1893 1250 1964 su.

213 2009 319 2100 gusti,
337 2033 457 2102 easque
474 2011 614 2088 Parmae
631 2011 750 2081 eodem
768 2035 854 2080 anno
873 2013 916 2082 ad
934 2033 1144 2087 communem
1165 2011 1233 2081 uti·

213 2123 344 2198 litatem
360 2126 518 2217 {vulgarit
536 2127 612 2216 (5).
642 2126 826 2212 Utramque
855 2123 995 2214 eclipsin
1016 2123 1144 2217 jamdiu
1173 2147 1233 2206 et.-

214 2243 308 2332 posui
329 2241 497 2326 versibus,
515 2264 597 2332 quos
616 2240 819 2311 transcribo.

259 2388 277 2424 o
306 2358 454 2443 Omnia,
471 2383 556 2449 qnae
575 2380 704 2429 sursum
733 2373 922 2442 vertuntur,
942 2379 1077 2448 corpora
1105 2375 1232 2438 certum

260 2501 280 2540 s
303 2473 499 2546 Percurrunt
525 2471 690 2562 spatium,
714 2471 846 2563 sibique
865 2473 1065 2547 occurrentia
1085 2475 1183 2552 certis

258 2615 278 2652 o
300 2587 486 2659 Momentis
505 2609 618 2656 secum
637 2607 763 2676 pugnas
783 2601 818 2656 et
836 2587 962 2678 praelia
981 2587 1140 2659 miscent.

260 2728 280 2766 o
302 2698 485 2790 Adspicis?
503 2704 554 2770 En
573 2701 720 2791 properis
744 2717 856 2791 raptus
876 2699 1050 2793 perinane
1069 2699 1236 2795 quadrigis

258 2845 279 2882 n
301 2817 358 2890 sat
377 2826 529 2908 coeptam
549 2818 633 2910 petit
650 2817 700 2891 ire
718 2817 828 2890 riam:
844 2819 922 2890 luna
940 2818 1054 2892 invida
1068 2843 1199 2898 cursum

260 2963 281 2998 u
303 2937 479 3029 Interiecta
506 2955 624 3030 negat;
645 2937 850 3014 flamutantia
869 2938 995 3028 spicula
1024 2955 1138 3018 contra

260 3082 280 3118 n
305 3054 365 3126 Sol
381 3055 481 3148 jacim
500 3055 669 3126 immissos
687 3055 853 3128 radiorum
871 3055 1043 3146 intercipit
1061 3056 1148 3134 ictus
1216 3125 1218 3132 ,

259 3203 280 3238 o
301 3173 640 3254 Occurrens'inimica
667 3199 757 3247 soror
772 3176 976 3262 stancius,
1001 3175 1132 3248 reflexis

259 3322 278 3357 n
300 3293 454 3384 Ignibus,
474 3295 618 3366 inficitur
634 3295 762 3365 vultum
781 3295 930 3386 pallore,
951 3294 1122 3388 magisque

265 3440 285 3477 o
308 3412 449 3498 Deficit,
468 3429 566 3504 atque
583 3415 687 3485 oculis
714 3438 751 3486 se
769 3439 807 3486 se
826 3415 1020 3488 mortalibus
1038 3411 1146 3486 aufert

565 3619 897 3648 ΜΜΜΜΜΜΜ

266 3787 316 3870 (r)
337 3785 497 3848 Commeat.
518 3785 567 3848 cit.
588 3806 654 3873 pag.
675 3807 727 3862 20,
749 3807 799 3850 ar.

265 3895 315 3972 (2)
335 3891 446 3955 Ibidem
465 3913 530 3977 pag.
552 3891 601 3955 25.

265 4003 314 4082 (3)
330 4000 442 4062 ibidem
455 4020 520 4082 pag.
540 4007 590 4084 49.
