3259 4959
369 528 429 593 tuo
446 500 482 591 id
497 492 684 608 ruiseripto
702 490 838 587 nomine
855 489 1103 587 confirmaverat
1115 570 1123 586 .
1134 493 1210 589 Nori
1232 509 1302 591 arai
1323 521 1384 615 iiia
1462 528 1468 539 ‘

370 621 467 713 duriia
486 640 520 709 in
532 634 802 731 promptu.de
819 630 1032 706 eardid'alirt
1051 640 1213 732 Exegerat
1230 655 1306 710 tune
1324 635 1384 711 illo·

370 780 391 825 a
410 751 659 823 conductoribus
679 747 811 819 vinum.
837 751 908 820 Hoc
931 748 1109 823 Seminarii
1132 754 1384 825 necessitatibus

371 866 616 959 quamprimum
635 862 874 955 providendum
893 866 1020 935 duravit
1037 866 1113 958 (a).·
1134 866 1252 938 Eoritat
1275 870 1383 939 adhuc

372 978 407 1052 in
421 979 643 1051 monumentis
657 975 935 1069 fidedipnisoimio
944 1025 956 1064 ,
973 980 1061 1071 quod
1079 981 1221 1074 ingenue
1245 1000 1384 1054 testatur

372 1114 424 1171 est
436 1088 613 1171 Seminarii
625 1092 875 1168 rectoriiidrum
894 1099 1126 1190 temporariam
1142 1101 1384 1189 Siverino,in.·

372 1224 463 1317 quit,
482 1221 577 1291 nobis
596 1242 677 1311 opus
696 1226 783 1290 eos'et
793 1272 804 1305 ,
824 1218 895 1289 air'e
914 1218 1044 1306 tritioo;
1062 1224 1193 1313 oeinper
1209 1239 1384 1315 utrumque

373 1340 502 1413 tbundo
521 1342 751 1423 ciaconus,
770 1358 809 1407 aa
829 1336 898 1406 vini
919 1335 1054 1428 quidem
1072 1338 1217 1431 adusque
1245 1339 1385 1413 dicaam

372 1463 547 1557 quotannis
566 1457 656 1529 dolia
674 1457 727 1549 (2)
746 1481 765 1523 a
785 1488 795 1527 .¹
822 1458 971 1527 Domum
989 1480 1084 1529 suam
1102 1456 1133 1529 ia
1150 1482 1266 1551 egere,
1283 1462 1384 1553 quam

373 1575 594 1651 Seminarium
609 1626 621 1662 ,
640 1572 777 1643 maluit.

420 1690 573 1765 Maxima
601 1687 717 1781 quovis
744 1696 891 1779 tempore
917 1688 1067 1783 ejusdem
1085 1676 1149 1760 iuit
1165 1676 1202 1760 in
1227 1671 1315 1761 buno
1333 1679 1384 1761 io=

374 1829 451 1879 eum
466 1802 640 1897 propensio
650 1831 661 1889 3
679 1811 778 1893 quant
799 1826 841 1871 ne
859 1801 924 1871 ioci
940 1803 1075 1893 quidem
1095 1803 1251 1874 distantia
1269 1805 1385 1873 iminiz

372 1922 464 1993 auita
483 1915 704 1991 Seminarium
728 1913 842 1984 ader'at
860 1915 913 1984 vel
931 1914 1075 1985 absenti.
1091 1918 1263 1987 Patavium
1280 1917 1386 1987 redire

372 2040 577 2133 eapientem,
597 2032 776 2103 triennium
786 2032 912 2100 Romae
930 2030 1073 2102 detinuit
1085 2034 1319 2105 Baaoaorcuar
1335 2056 1388 2104 ve·

375 2156 534 2231 notabilia
547 2152 732 2226 irinoeeutii
750 2154 802 2223 XI
821 2152 1017 2223 auctoritas.
1032 2152 1073 2224 Id
1092 2151 1251 2243 temporie
1269 2150 1385 2221 decem

373 2292 602 2371 argenteorum
620 2277 795 2344 nummdm'
813 2269 922 2342 millia
941 2270 1120 2343 tranauit
1140 2269 1287 2362 patavini
1318 2272 1388 2363 epi·

377 2408 529 2483 aoopatuo
556 2385 717 2457 reditibus
747 2386 906 2472 collecta,
924 2402 967 2456 eo·
983 2386 1140 2479 julianam
1155 2388 1233 2459 data
1259 2386 1387 2457 fuerant

377 2503 490 2574 cenaui
499 2553 511 2585 ‚
528 2515 565 2568 at
573 2498 666 2589 ajunt
672 2498 736 2583 ,ad
745 2522 896 2569 normam
914 2523 934 2568 a
952 2500 987 2579 S.
997 2501 1057 2599 Pio
1076 2481 1387 2591 V'oummopontifr

378 2636 415 2685 oe
426 2610 681 2706 praescriptam.
695 2612 738 2680 Et
756 2634 827 2679 rem
837 2611 1004 2680 etiuoram
1024 2610 1201 2701 derepente
1219 2612 1388 2683 abdicavit

377 2728 624 2803 amantissimus
643 2750 782 2819 parens3
800 2744 974 2820 atrumque
994 2727 1180 2801 deminutio
1204 2729 1389 2801 liberaliter

380 2846 465 2917 dono
485 2844 577 2914 dedit
595 2843 649 2936 (ὅ)
661 2894 669 2913 .
680 2848 729 2913 Ao
745 2858 838 2914 tanta
855 2844 990 2936 quidem
1007 2844 1112 2936 ipsius
1121 2844 1157 2914 in
1168 2844 1390 2918 Seminarium

376 2960 593 3031 beneficentia
612 2976 683 3029 erat
701 2958 854 3029 omnibus
873 2960 1040 3031 maximae
1057 2957 1287 3027 admirationi.
1314 2959 1388 3027 Nea

378 3101 443 3169 que
459 3075 549 3145 euim
568 3074 648 3144 satia
666 3073 921 3167 intelligebant,¹
938 3078 996 3165 qui
1014 3073 1161 3143 tamdem
1180 3086 1292 3162 portet
1318 3080 1388 3139 tatu

376 3190 512 3283 largiter
528 3189 563 3257 in
582 3187 736 3259 omnibus
754 3188 939 3273 Seminario
957 3186 1124 3261 consulere
1133 3187 1212 3280 ,qui
1230 3202 1298 3255 tarn
1315 3210 1388 3277 pro·

375 3308 467 3381 fusus
486 3320 572 3379 earet
590 3308 625 3377 in
644 3332 826 3401 pauperes.
845 3314 925 3383 Erat
942 3310 973 3379 ia
992 3332 1071 3379 rane
1090 3306 1201 3377 diver:
1221 3304 1281 3375 aad
1303 3304 1389 3373 redi·-

378 3424 467 3499 tibus
485 3426 581 3517 longe
595 3423 735 3519 majores
753 3442 903 3517 sumptas
913 3459 924 3493 .’
936 3424 1022 3494 Hinc
1038 3445 1115 3493 eum
1127 3420 1300 3491 domestici
1314 3418 1391 3487 hore

720 3620 1048 3660 mmmm*

418 3807 468 3887 (ι)
489 3806 556 3867 Aet.
576 3790 680 3867 beatis}
698 3804 739 3867 11.
756 3806 895 3869 Summam
915 3824 982 3887 pagi
1004 3802 1070 3866 ado«
1174 3826 1182 3847 ⁰

418 3916 467 3996 (a)
489 3914 565 3977 ibid.
585 3916 628 3977 T.
647 3916 702 3979 lv.
723 3908 863 3977 summai.
882 3934 946 3996 pag.
967 3913 1038 3973 aad.

419 4018 468 4101 (5)
486 4017 564 4101 thid,
584 4020 629 4085 Τ.
645 4020 686 4081 11.
706 4018 846 4083 samma.
864 4034 929 4100 pap.
954 4017 1019 4080 16⁰.
