3259 4959
347 307 418 388 ΑΘΒ
646 308 731 378 vrri
752 315 939 377 vrunrrumt
961 315 1081 377 noran

344 457 472 529 scilicet
498 445 644 525 habuere
673 453 911 537 carissimum,
943 454 1030 545 quod
1048 465 1137 523 esset
1164 454 1252 527 laeta
1269 450 1366 530 iudos

343 573 376 643 le
404 571 503 665 (fluit
532 580 642 640 autem
675 589 777 659 usque
807 566 849 636 ad
883 566 980 637 finem
1010 567 1137 659 ritae)
1161 571 1247 661 quod
1276 571 1368 644 facea

343 705 378 758 to
397 709 567 772 sermone,
585 699 700 753 mente
719 697 936 773 experrecta,
961 683 1072 752 anirno
1093 696 1185 773 grato
1208 703 1241 754 et
1268 688 1364 780 inge.

344 830 431 878 nuo.
456 806 518 876 His
537 804 594 874 ille
612 802 744 873 dotibus
771 799 965 871 societatem
993 801 1058 871 sibi
1078 802 1288 874 devinxerat.
1322 810 1363 876 ln

345 945 409 1014 quo
428 917 574 1012 profecto
592 915 798 1003 laudandus,
820 914 968 984 maxime
990 915 1120 985 veroin
1144 939 1202 1003 eo,
1222 920 1308 1011 quod
1327 943 1365 990 ss

345 1036 560 1130 spoliaverit,
578 1051 615 1104 ut
642 1053 775 1104 suomnr
803 1032 952 1123 inopiam
972 1047 1115 1126 tegerem
1136 1035 1223 1127 quod
1252 1037 1286 1105 in
1307 1059 1365 1108 eos

345 1157 553 1248 erogaverit,
573 1169 657 1247 quae
676 1153 742 1222 sibi
761 1152 911 1221 omnium
931 1152 1120 1242 carissima3
1136 1155 1223 1245 quod
1238 1155 1274 1224 in
1293 1181 1363 1227 eos·

346 1277 423 1349 dem
447 1276 701 1347 liberalissimus
730 1272 850 1359 fuerit,
875 1297 914 1344 oc
940 1289 1045 1366 paens
1068 1273 1223 1368 prodigus
1236 1305 1247 1364 3
1276 1275 1363 1368 quod

346 1394 383 1462 in
401 1389 597 1482 religionem
615 1398 819 1480 propensus.

391 1508 490 1580 Bonis
507 1509 611 1578 animi
631 1525 696 1577 non
708 1508 843 1577 omnino
862 1508 1033 1597 respondit
1051 1510 1179 1599 species
1196 1501 1361 1600 corporist

346 1627 426 1696 Erat
444 1623 536 1693 enirn
555 1638 679 1692 statura
698 1620 857 1706 humilis,
877 1637 909 1690 ct
929 1639 1058 1692 tumens
1074 1623 1174 1714 gibba
1190 1677 1199 1693 .
1215 1628 1299 1695 Eum
1316 1625 1363 1696 fa*

348 1737 413 1806 cilo
440 1735 709 1827 contempsisset,
734 1735 791 1827 qni
819 1759 884 1804 non
914 1752 1054 1804 nosset.
1084 1737 1222 1806 Interim
1249 1737 1364 1808 morbo

347 1850 549 1941 implicitus,
570 1850 707 1939 integris
727 1865 839 1917 tomen
859 1849 967 1918 adhuc
986 1850 1100 1940 vigens
1120 1851 1290 1937 sensibus,
1311 1877 1364 1923 em

349 1969 473 2038 clesiae
492 1967 558 2036 sibi
579 1969 743 2058 praesidia
763 1968 924 2036 adscivit.
944 1967 1097 2038 Munitus
1116 1969 1168 2038 his
1186 1969 1272 2040 vitae
1291 1970 1364 2040 dis*

347 2083 475 2153 crimen
500 2082 657 2152 ultimum
683 2081 812 2150 Patavii
840 2080 942 2150 subiit
970 2083 1022 2152 IV
1050 2081 1128 2151 Idus
1159 2081 1363 2174 Septembris

349 2221 426 2268 unn.
458 2199 546 2291 1785
574 2219 649 2267 cum
680 2195 815 2265 tertium
842 2217 942 2286 supra
970 2198 1210 2288 octogesimum
1240 2221 1363 2268 annum

350 2326 481 2401 urgeret⁴

397 2429 490 2498 Hace
508 2449 569 2519 ego
587 2427 718 2498 modice
746 2450 787 2496 ac
811 2426 953 2498 strictim
966 2427 1007 2498 de
1026 2423 1199 2500 Vincentii
1218 2428 1364 2498 moribus

351 2569 390 2618 uc
408 2548 552 2633 studiis,
571 2547 613 2617 de
631 2547 751 2639 quibus
769 2547 875 2616 multo
894 2545 1059 2638 copiosius
1085 2571 1124 2618 ac
1143 2547 1246 2618 fusius
1265 2551 1362 2618 Fran.

351 2662 458 2732 ciscus
476 2666 644 2752 Fanaugus
663 2664 678 2751 (
683 2661 717 2748 1)
730 2660 781 2730 rir
799 2661 978 2730 admodum
993 2661 1156 2748 cruditos,
1175 2660 1364 2732 amantissi-

351 2797 427 2851 rnns
444 2781 572 2873 patriae
593 2803 687 2867 suae,
698 2780 993 2852 Seminariensium
1012 2780 1177 2850 studiosus
1204 2806 1242 2850 ac
1260 2779 1366 2852 Semi·

353 2900 460 2978 narii,
478 2897 572 2993 cujus
591 2900 627 2967 in
646 2890 879 2968 exterioribus*
887 2885 1009 2969 scholis
1028 2899 1083 2992 (a)
1106 2921 1142 2969 sc
1166 2925 1186 2970 a
1204 2919 1302 2990 puero
1316 2898 1370 2968 in-

355 3017 506 3088 stitutum
529 3015 631 3088 fuisso
649 3018 819 3088 meminit.

694 3213 1026 3294 “autumnum

397 3369 610 3449 (1)Mcrncric
637 3362 805 3459 inroranda
834 3365 929 3430 ritae
955 3367 994 3448 gii
1017 3367 1110 3430 ameni
1134 3365 1212 3452 studi
1242 3365 1364 3432 dcil'sdn

359 3475 509 3540 Vincenuo
527 3479 620 3540 Rota.
647 3479 683 3538 In
713 3474 783 3538 Pad.
803 3477 882 3538 nella
912 3490 1014 3560 stamp.
1035 3479 1168 3539 Conzstti
1192 3481 1267 3560 179ss
1285 3478 1316 3538 iu
1333 3479 1367 3540 θ.

394 3589 445 3668 (a)
464 3589 513 3652 Dc
531 3588 637 3651 scholis
657 3577 844 3651 exterioribus
864 3578 1017 3653 seminarii
1036 3585 1103 3654 ride
1119 3609 1185 3672 pag.
1207 3587 1258 3650 68.
