<?xml version="1.0" encoding="UTF-8"?>
<!DOCTYPE html PUBLIC "-//W3C//DTD XHTML 1.0 Transitional//EN"
    "http://www.w3.org/TR/xhtml1/DTD/xhtml1-transitional.dtd">
<html xmlns="http://www.w3.org/1999/xhtml" xml:lang="en" lang="en">
 <head>
  <title>
</title>
<meta http-equiv="Content-Type" content="text/html;charset=utf-8" />
  <meta name='ocr-system' content='tesseract 3.04.00' />
  <meta name='ocr-capabilities' content='ocr_page ocr_carea ocr_par ocr_line ocrx_word'/>
</head>
<body>
  <div class='ocr_page' id='page_1' title='image "./vitaevirorumill00ferrgoog_0462.png"; bbox 0 0 3259 4959; ppageno 0'>
   <div class='ocr_carea' id='block_1_1' title="bbox 448 375 966 478">
    <p class='ocr_par' dir='ltr' id='par_1_1' title="bbox 448 375 966 478">
     <span class='ocr_line' id='line_1_1' title="bbox 448 375 966 478; baseline -0.002 -32"><span class='ocrx_word' id='word_1_1' title='bbox 448 375 519 478; x_wconf 65' lang='lat'>4¹⁴</span> <span class='ocrx_word' id='word_1_2' title='bbox 883 398 966 448; x_wconf 75' lang='lat' dir='ltr'>vrrs</span> 
     </span>
    </p>
   </div>
   <div class='ocr_carea' id='block_1_2' title="bbox 450 515 1491 614">
    <p class='ocr_par' dir='ltr' id='par_1_2' title="bbox 450 515 1491 614">
     <span class='ocr_line' id='line_1_2' title="bbox 450 515 1491 614; baseline 0 -22"><span class='ocrx_word' id='word_1_3' title='bbox 450 545 570 614; x_wconf 84' lang='lat' dir='ltr'>magno</span> <span class='ocrx_word' id='word_1_4' title='bbox 588 515 844 591; x_wconf 81' lang='lat' dir='ltr'>lectissimorum</span> <span class='ocrx_word' id='word_1_5' title='bbox 864 517 1006 586; x_wconf 85' lang='lat' dir='ltr'>virorum</span> <span class='ocrx_word' id='word_1_6' title='bbox 1025 533 1121 586; x_wconf 88' lang='lat' dir='ltr'>coetu</span> <span class='ocrx_word' id='word_1_7' title='bbox 1144 517 1304 590; x_wconf 75' lang='lat' dir='ltr'>disseruit</span> <span class='ocrx_word' id='word_1_8' title='bbox 1316 517 1366 590; x_wconf 89' lang='lat' dir='ltr'>de</span> <span class='ocrx_word' id='word_1_9' title='bbox 1386 518 1491 592; x_wconf 88' lang='lat' dir='ltr'>rebus</span> 
     </span>
    </p>
   </div>
   <div class='ocr_carea' id='block_1_3' title="bbox 450 636 1493 846">
    <p class='ocr_par' dir='ltr' id='par_1_3' title="bbox 450 636 1493 846">
     <span class='ocr_line' id='line_1_3' title="bbox 450 636 1493 733; baseline -0.006 -23"><span class='ocrx_word' id='word_1_10' title='bbox 450 639 691 733; x_wconf 89' lang='lat' dir='ltr'>pertinentibus</span> <span class='ocrx_word' id='word_1_11' title='bbox 711 638 752 709; x_wconf 91' lang='lat' dir='ltr'>ad</span> <span class='ocrx_word' id='word_1_12' title='bbox 774 661 880 708; x_wconf 86' lang='lat' dir='ltr'>mores</span> <span class='ocrx_word' id='word_1_13' title='bbox 899 637 964 728; x_wconf 88' lang='lat' dir='ltr'>(r).</span> <span class='ocrx_word' id='word_1_14' title='bbox 979 636 1115 731; x_wconf 76' lang='lat' dir='ltr'>Singula</span> <span class='ocrx_word' id='word_1_15' title='bbox 1134 636 1227 707; x_wconf 88' lang='lat' dir='ltr'>illius</span> <span class='ocrx_word' id='word_1_16' title='bbox 1246 663 1419 728; x_wconf 83' lang='lat' dir='ltr'>responsa</span> <span class='ocrx_word' id='word_1_17' title='bbox 1431 667 1493 712; x_wconf 85' lang='lat' dir='ltr'>err.</span> 
     </span>
     <span class='ocr_line' id='line_1_4' title="bbox 453 749 1493 846; baseline 0.001 -21"><span class='ocrx_word' id='word_1_18' title='bbox 453 755 661 846; x_wconf 75' lang='lat' dir='ltr'>eripiebantur</span> <span class='ocrx_word' id='word_1_19' title='bbox 680 769 773 845; x_wconf 79' lang='lat' dir='ltr'>grata</span> <span class='ocrx_word' id='word_1_20' title='bbox 793 751 893 820; x_wconf 88' lang='lat' dir='ltr'>totius</span> <span class='ocrx_word' id='word_1_21' title='bbox 912 749 1080 820; x_wconf 75' lang='lat' dir='ltr'><strong>concionis</strong></span> <span class='ocrx_word' id='word_1_22' title='bbox 1110 750 1433 825; x_wconf 66' lang='lat' dir='ltr'>obmurmuratione</span> <span class='ocrx_word' id='word_1_23' title='bbox 1452 781 1493 826; x_wconf 91' lang='lat' dir='ltr'>ac</span> 
     </span>
    </p>
   </div>
   <div class='ocr_carea' id='block_1_4' title="bbox 451 865 1491 964">
    <p class='ocr_par' dir='ltr' id='par_1_4' title="bbox 451 865 1491 964">
     <span class='ocr_line' id='line_1_5' title="bbox 451 865 1491 964; baseline 0.001 -22"><span class='ocrx_word' id='word_1_24' title='bbox 451 873 588 964; x_wconf 90' lang='lat' dir='ltr'>plausu.</span> <span class='ocrx_word' id='word_1_25' title='bbox 619 871 765 942; x_wconf 79' lang='lat' dir='ltr'>Volebat</span> <span class='ocrx_word' id='word_1_26' title='bbox 793 869 884 940; x_wconf 87' lang='lat' dir='ltr'>enim</span> <span class='ocrx_word' id='word_1_27' title='bbox 912 865 969 940; x_wconf 90' lang='lat' dir='ltr'>ille</span> <span class='ocrx_word' id='word_1_28' title='bbox 999 869 1180 960; x_wconf 87' lang='lat' dir='ltr'>plurimum</span> <span class='ocrx_word' id='word_1_29' title='bbox 1209 895 1287 942; x_wconf 85' lang='lat' dir='ltr'>eum</span> <span class='ocrx_word' id='word_1_30' title='bbox 1319 869 1491 964; x_wconf 80' lang='lat' dir='ltr'>ingenio,</span> 
     </span>
    </p>
   </div>
   <div class='ocr_carea' id='block_1_5' title="bbox 454 983 1489 1196">
    <p class='ocr_par' dir='ltr' id='par_1_5' title="bbox 454 983 1489 1196">
     <span class='ocr_line' id='line_1_6' title="bbox 454 983 1489 1080; baseline 0.001 -20"><span class='ocrx_word' id='word_1_31' title='bbox 454 1008 524 1060; x_wconf 89' lang='lat' dir='ltr'>turn</span> <span class='ocrx_word' id='word_1_32' title='bbox 545 987 645 1060; x_wconf 87' lang='lat' dir='ltr'>ctiam</span> <span class='ocrx_word' id='word_1_33' title='bbox 666 983 932 1080; x_wconf 75' lang='lat' dir='ltr'>pronuntiatione</span> <span class='ocrx_word' id='word_1_34' title='bbox 952 1013 991 1058; x_wconf 90' lang='lat' dir='ltr'>ac</span> <span class='ocrx_word' id='word_1_35' title='bbox 1009 1004 1122 1080; x_wconf 76' lang='lat' dir='ltr'>gestu.</span> <span class='ocrx_word' id='word_1_36' title='bbox 1145 989 1233 1059; x_wconf 85' lang='lat' dir='ltr'>Cum</span> <span class='ocrx_word' id='word_1_37' title='bbox 1252 991 1489 1062; x_wconf 79' lang='lat' dir='ltr'>severioribus</span> 
     </span>
     <span class='ocr_line' id='line_1_7' title="bbox 454 1101 1488 1196; baseline 0.002 -22"><span class='ocrx_word' id='word_1_38' title='bbox 454 1103 572 1174; x_wconf 87' lang='lat' dir='ltr'>studiis</span> <span class='ocrx_word' id='word_1_39' title='bbox 593 1103 781 1173; x_wconf 84' lang='lat' dir='ltr'>amoeniora</span> <span class='ocrx_word' id='word_1_40' title='bbox 800 1101 993 1196; x_wconf 76' lang='lat' dir='ltr'>conjunxit,</span> <span class='ocrx_word' id='word_1_41' title='bbox 1011 1101 1055 1172; x_wconf 89' lang='lat' dir='ltr'>ad</span> <span class='ocrx_word' id='word_1_42' title='bbox 1073 1126 1158 1195; x_wconf 85' lang='lat' dir='ltr'>quae</span> <span class='ocrx_word' id='word_1_43' title='bbox 1175 1105 1357 1196; x_wconf 81' lang='lat' dir='ltr'>praecipue</span> <span class='ocrx_word' id='word_1_44' title='bbox 1375 1108 1394 1196; x_wconf 91' lang='lat'>(</span> <span class='ocrx_word' id='word_1_45' title='bbox 1404 1107 1488 1176; x_wconf 86' lang='lat' dir='ltr'>lieet</span> 
     </span>
    </p>
   </div>
   <div class='ocr_carea' id='block_1_6' title="bbox 454 1218 1486 1554">
    <p class='ocr_par' dir='ltr' id='par_1_6' title="bbox 454 1218 1486 1554">
     <span class='ocr_line' id='line_1_8' title="bbox 454 1218 1486 1311; baseline 0.004 -19"><span class='ocrx_word' id='word_1_46' title='bbox 454 1239 543 1294; x_wconf 86' lang='lat' dir='ltr'>esset</span> <span class='ocrx_word' id='word_1_47' title='bbox 572 1219 719 1310; x_wconf 88' lang='lat' dir='ltr'>utrisque</span> <span class='ocrx_word' id='word_1_48' title='bbox 748 1242 861 1290; x_wconf 86' lang='lat' dir='ltr'>revera</span> <span class='ocrx_word' id='word_1_49' title='bbox 891 1221 974 1311; x_wconf 87' lang='lat' dir='ltr'>par)</span> <span class='ocrx_word' id='word_1_50' title='bbox 1002 1218 1176 1290; x_wconf 90' lang='lat' dir='ltr'>videbatur</span> <span class='ocrx_word' id='word_1_51' title='bbox 1203 1239 1322 1292; x_wconf 89' lang='lat' dir='ltr'>natura</span> <span class='ocrx_word' id='word_1_52' title='bbox 1349 1222 1486 1297; x_wconf 81' lang='lat' dir='ltr'>faetus.</span> 
     </span>
     <span class='ocr_line' id='line_1_9' title="bbox 457 1333 1483 1420; baseline 0.002 -13"><span class='ocrx_word' id='word_1_53' title='bbox 457 1339 583 1408; x_wconf 89' lang='lat' dir='ltr'>llorum</span> <span class='ocrx_word' id='word_1_54' title='bbox 603 1357 699 1404; x_wconf 90' lang='lat' dir='ltr'>eursu</span> <span class='ocrx_word' id='word_1_55' title='bbox 718 1333 931 1404; x_wconf 87' lang='lat' dir='ltr'>laudabiliter</span> <span class='ocrx_word' id='word_1_56' title='bbox 949 1333 1114 1420; x_wconf 91' lang='lat' dir='ltr'>absoluto,</span> <span class='ocrx_word' id='word_1_57' title='bbox 1126 1359 1147 1403; x_wconf 93' lang='lat' dir='ltr'>a</span> <span class='ocrx_word' id='word_1_58' title='bbox 1160 1335 1321 1406; x_wconf 85' lang='lat' dir='ltr'>cardinali</span> <span class='ocrx_word' id='word_1_59' title='bbox 1338 1340 1483 1409; x_wconf 86' lang='lat' dir='ltr'>Marino</span> 
     </span>
     <span class='ocr_line' id='line_1_10' title="bbox 456 1446 1483 1554; baseline 0.003 -36"><span class='ocrx_word' id='word_1_60' title='bbox 456 1449 602 1524; x_wconf 77' lang='lat' dir='ltr'>Antonio</span> <span class='ocrx_word' id='word_1_61' title='bbox 620 1446 748 1532; x_wconf 89' lang='lat' dir='ltr'>Priolo,</span> <span class='ocrx_word' id='word_1_62' title='bbox 762 1448 830 1554; x_wconf 28' lang='lat' dir='ltr'>‚qui</span> <span class='ocrx_word' id='word_1_63' title='bbox 858 1447 1009 1538; x_wconf 83' lang='lat' dir='ltr'>proxime</span> <span class='ocrx_word' id='word_1_64' title='bbox 1028 1447 1064 1514; x_wconf 93' lang='lat' dir='ltr'>in</span> <span class='ocrx_word' id='word_1_65' title='bbox 1084 1447 1312 1540; x_wconf 88' lang='lat' dir='ltr'>episcopatum</span> <span class='ocrx_word' id='word_1_66' title='bbox 1342 1475 1483 1521; x_wconf 84' lang='lat' dir='ltr'>succes·</span> 
     </span>
    </p>
   </div>
   <div class='ocr_carea' id='block_1_7' title="bbox 796 1650 1128 1684">
    <p class='ocr_par' dir='ltr' id='par_1_7' title="bbox 796 1650 1128 1684">
     <span class='ocr_line' id='line_1_11' title="bbox 796 1650 1128 1684; baseline 0 -2"><span class='ocrx_word' id='word_1_67' title='bbox 796 1650 1128 1684; x_wconf 56' lang='lat' dir='ltr'>mmmm</span> 
     </span>
    </p>
   </div>
   <div class='ocr_carea' id='block_1_8' title="bbox 434 1793 1489 2836">
    <p class='ocr_par' dir='ltr' id='par_1_8' title="bbox 434 1793 1488 2608">
     <span class='ocr_line' id='line_1_12' title="bbox 498 1793 1483 1880; baseline 0.005 -21"><span class='ocrx_word' id='word_1_68' title='bbox 498 1795 798 1878; x_wconf 84' lang='lat' dir='ltr'>(1)Disputationem</span> <span class='ocrx_word' id='word_1_69' title='bbox 817 1795 891 1855; x_wconf 89' lang='lat' dir='ltr'>banc</span> <span class='ocrx_word' id='word_1_70' title='bbox 911 1793 1082 1855; x_wconf 82' lang='lat' dir='ltr'>Franciscus</span> <span class='ocrx_word' id='word_1_71' title='bbox 1100 1793 1167 1857; x_wconf 87' lang='lat' dir='ltr'>iniit</span> <span class='ocrx_word' id='word_1_72' title='bbox 1187 1797 1233 1860; x_wconf 86' lang='lat' dir='ltr'>lV</span> <span class='ocrx_word' id='word_1_73' title='bbox 1259 1797 1328 1859; x_wconf 88' lang='lat' dir='ltr'>ldus</span> <span class='ocrx_word' id='word_1_74' title='bbox 1349 1800 1483 1880; x_wconf 72' lang='lat' dir='ltr'>Augusti</span> 
     </span>
     <span class='ocr_line' id='line_1_13' title="bbox 458 1903 1484 1990; baseline 0.001 -21"><span class='ocrx_word' id='word_1_75' title='bbox 458 1931 525 1970; x_wconf 86' lang='lat' dir='ltr'>ann.</span> <span class='ocrx_word' id='word_1_76' title='bbox 550 1909 625 1990; x_wconf 78' lang='lat'>1769</span> <span class='ocrx_word' id='word_1_77' title='bbox 645 1907 792 1989; x_wconf 80' lang='lat' dir='ltr'>suppetias</span> <span class='ocrx_word' id='word_1_78' title='bbox 812 1903 869 1966; x_wconf 89' lang='lat' dir='ltr'>sibi</span> <span class='ocrx_word' id='word_1_79' title='bbox 888 1905 996 1964; x_wconf 79' lang='lat' dir='ltr'>terente</span> <span class='ocrx_word' id='word_1_80' title='bbox 1015 1903 1134 1966; x_wconf 78' lang='lat' dir='ltr'>Andrea</span> <span class='ocrx_word' id='word_1_81' title='bbox 1154 1905 1296 1987; x_wconf 80' lang='lat' dir='ltr'>Muggia,</span> <span class='ocrx_word' id='word_1_82' title='bbox 1315 1905 1484 1989; x_wconf 79' lang='lat' dir='ltr'>theologiae</span> 
     </span>
     <span class='ocr_line' id='line_1_14' title="bbox 434 2011 1487 2095; baseline 0.002 -19"><span class='ocrx_word' id='word_1_83' title='bbox 434 2013 573 2090; x_wconf 62' lang='lat' dir='ltr'>,muralis</span> <span class='ocrx_word' id='word_1_84' title='bbox 593 2014 624 2076; x_wconf 81' lang='lat' dir='ltr'>itt</span> <span class='ocrx_word' id='word_1_85' title='bbox 654 2013 814 2076; x_wconf 82' lang='lat' dir='ltr'>Seminario</span> <span class='ocrx_word' id='word_1_86' title='bbox 834 2012 957 2073; x_wconf 81' lang='lat' dir='ltr'>lectore.</span> <span class='ocrx_word' id='word_1_87' title='bbox 978 2011 1068 2073; x_wconf 86' lang='lat' dir='ltr'>Nulla</span> <span class='ocrx_word' id='word_1_88' title='bbox 1088 2011 1136 2074; x_wconf 87' lang='lat' dir='ltr'>hic</span> <span class='ocrx_word' id='word_1_89' title='bbox 1165 2013 1282 2094; x_wconf 77' lang='lat' dir='ltr'>reliquit</span> <span class='ocrx_word' id='word_1_90' title='bbox 1302 2015 1414 2095; x_wconf 78' lang='lat' dir='ltr'>ingenii</span> <span class='ocrx_word' id='word_1_91' title='bbox 1440 2021 1487 2082; x_wconf 90' lang='lat' dir='ltr'>sui</span> 
     </span>
     <span class='ocr_line' id='line_1_15' title="bbox 453 2113 1482 2200; baseline 0 -18"><span class='ocrx_word' id='word_1_92' title='bbox 453 2132 639 2182; x_wconf 81' lang='lat' dir='ltr'>monumenta</span> <span class='ocrx_word' id='word_1_93' title='bbox 658 2123 768 2200; x_wconf 74' lang='lat' dir='ltr'>praeter</span> <span class='ocrx_word' id='word_1_94' title='bbox 786 2115 917 2180; x_wconf 81' lang='lat' dir='ltr'>labellum</span> <span class='ocrx_word' id='word_1_95' title='bbox 937 2113 1021 2194; x_wconf 83' lang='lat' dir='ltr'>hujus</span> <span class='ocrx_word' id='word_1_96' title='bbox 1042 2116 1133 2198; x_wconf 89' lang='lat' dir='ltr'>ipsius</span> <span class='ocrx_word' id='word_1_97' title='bbox 1152 2114 1356 2199; x_wconf 71' lang='lat' dir='ltr'>disputationis</span> <span class='ocrx_word' id='word_1_98' title='bbox 1386 2141 1482 2183; x_wconf 87' lang='lat' dir='ltr'>eausa</span> 
     </span>
     <span class='ocr_line' id='line_1_16' title="bbox 456 2223 1484 2308; baseline 0.004 -23"><span class='ocrx_word' id='word_1_99' title='bbox 456 2226 618 2308; x_wconf 86' lang='lat' dir='ltr'>prolatum.</span> <span class='ocrx_word' id='word_1_100' title='bbox 639 2225 698 2288; x_wconf 85' lang='lat' dir='ltr'>Sua</span> <span class='ocrx_word' id='word_1_101' title='bbox 727 2225 803 2286; x_wconf 86' lang='lat' dir='ltr'>enirn</span> <span class='ocrx_word' id='word_1_102' title='bbox 822 2225 928 2305; x_wconf 87' lang='lat' dir='ltr'>scripta</span> <span class='ocrx_word' id='word_1_103' title='bbox 955 2223 1076 2286; x_wconf 84' lang='lat' dir='ltr'>llamrnis</span> <span class='ocrx_word' id='word_1_104' title='bbox 1102 2224 1258 2306; x_wconf 74' lang='lat' dir='ltr'>assumpsit</span> <span class='ocrx_word' id='word_1_105' title='bbox 1276 2245 1348 2306; x_wconf 88' lang='lat' dir='ltr'>prae</span> <span class='ocrx_word' id='word_1_106' title='bbox 1377 2227 1484 2289; x_wconf 84' lang='lat' dir='ltr'>mode·</span> 
     </span>
     <span class='ocr_line' id='line_1_17' title="bbox 460 2327 1487 2418; baseline -0.002 -24"><span class='ocrx_word' id='word_1_107' title='bbox 460 2333 531 2418; x_wconf 58' lang='grc' dir='ltr'>(ἰὴ.</span> <span class='ocrx_word' id='word_1_108' title='bbox 550 2331 685 2392; x_wconf 87' lang='lat' dir='ltr'>Ceterum</span> <span class='ocrx_word' id='word_1_109' title='bbox 704 2330 758 2394; x_wconf 80' lang='lat' dir='ltr'>fuit</span> <span class='ocrx_word' id='word_1_110' title='bbox 775 2327 822 2391; x_wconf 81' lang='lat' dir='ltr'>vir</span> <span class='ocrx_word' id='word_1_111' title='bbox 841 2328 927 2410; x_wconf 88' lang='lat' dir='ltr'>plane</span> <span class='ocrx_word' id='word_1_112' title='bbox 947 2328 1091 2410; x_wconf 76' lang='lat' dir='ltr'>insignis,</span> <span class='ocrx_word' id='word_1_113' title='bbox 1111 2350 1145 2389; x_wconf 89' lang='lat' dir='ltr'>ac</span> <span class='ocrx_word' id='word_1_114' title='bbox 1169 2344 1348 2412; x_wconf 82' lang='lat' dir='ltr'>posterorum</span> <span class='ocrx_word' id='word_1_115' title='bbox 1374 2353 1487 2395; x_wconf 86' lang='lat' dir='ltr'>memo·</span> 
     </span>
     <span class='ocr_line' id='line_1_18' title="bbox 460 2434 1488 2520; baseline 0.004 -20"><span class='ocrx_word' id='word_1_116' title='bbox 460 2441 504 2500; x_wconf 90' lang='lat' dir='ltr'>ria</span> <span class='ocrx_word' id='word_1_117' title='bbox 523 2438 644 2502; x_wconf 81' lang='lat' dir='ltr'>maxime</span> <span class='ocrx_word' id='word_1_118' title='bbox 666 2437 769 2520; x_wconf 83' lang='lat' dir='ltr'>dignm</span> <span class='ocrx_word' id='word_1_119' title='bbox 795 2450 825 2498; x_wconf 89' lang='lat' dir='ltr'>et</span> <span class='ocrx_word' id='word_1_120' title='bbox 843 2437 881 2498; x_wconf 95' lang='lat' dir='ltr'>ob</span> <span class='ocrx_word' id='word_1_121' title='bbox 900 2436 1088 2520; x_wconf 77' lang='lat' dir='ltr'>multiplicem</span> <span class='ocrx_word' id='word_1_122' title='bbox 1106 2434 1288 2516; x_wconf 84' lang='lat' dir='ltr'>doctrinam,</span> <span class='ocrx_word' id='word_1_123' title='bbox 1312 2453 1344 2500; x_wconf 85' lang='lat' dir='ltr'>et</span> <span class='ocrx_word' id='word_1_124' title='bbox 1361 2439 1402 2502; x_wconf 87' lang='lat' dir='ltr'>ob</span> <span class='ocrx_word' id='word_1_125' title='bbox 1421 2443 1488 2504; x_wconf 81' lang='lat' dir='ltr'>erri-</span> 
     </span>
     <span class='ocr_line' id='line_1_19' title="bbox 460 2545 882 2608; baseline -0.005 0"><span class='ocrx_word' id='word_1_126' title='bbox 460 2549 546 2608; x_wconf 82' lang='lat' dir='ltr'>miem</span> <span class='ocrx_word' id='word_1_127' title='bbox 561 2548 637 2608; x_wconf 83' lang='lat' dir='ltr'>vitae</span> <span class='ocrx_word' id='word_1_128' title='bbox 658 2545 882 2608; x_wconf 87' lang='lat' dir='ltr'>continentiam.</span> 
     </span>
    </p>

    <p class='ocr_par' dir='ltr' id='par_1_9' title="bbox 461 2649 1489 2836">
     <span class='ocr_line' id='line_1_20' title="bbox 503 2649 1489 2736; baseline 0.004 -26"><span class='ocrx_word' id='word_1_129' title='bbox 503 2653 537 2712; x_wconf 91' lang='lat' dir='ltr'>ln</span> <span class='ocrx_word' id='word_1_130' title='bbox 565 2651 703 2736; x_wconf 77' lang='lat' dir='ltr'>patavino</span> <span class='ocrx_word' id='word_1_131' title='bbox 731 2651 891 2713; x_wconf 76' lang='lat' dir='ltr'>seminario</span> <span class='ocrx_word' id='word_1_132' title='bbox 921 2650 1068 2712; x_wconf 88' lang='lat' dir='ltr'>institutus</span> <span class='ocrx_word' id='word_1_133' title='bbox 1096 2649 1203 2712; x_wconf 85' lang='lat' dir='ltr'>ibidem</span> <span class='ocrx_word' id='word_1_134' title='bbox 1231 2668 1343 2735; x_wconf 89' lang='lat' dir='ltr'>praeter</span> <span class='ocrx_word' id='word_1_135' title='bbox 1373 2655 1489 2720; x_wconf 80' lang='lat' dir='ltr'>litteras</span> 
     </span>
     <span class='ocr_line' id='line_1_21' title="bbox 461 2751 1486 2836; baseline 0.002 -15"><span class='ocrx_word' id='word_1_136' title='bbox 461 2759 551 2821; x_wconf 91' lang='lat' dir='ltr'>rnulta</span> <span class='ocrx_word' id='word_1_137' title='bbox 568 2779 632 2819; x_wconf 88' lang='lat' dir='ltr'>cum</span> <span class='ocrx_word' id='word_1_138' title='bbox 651 2755 737 2817; x_wconf 80' lang='lat' dir='ltr'>laude</span> <span class='ocrx_word' id='word_1_139' title='bbox 757 2755 855 2817; x_wconf 87' lang='lat' dir='ltr'>docuit</span> <span class='ocrx_word' id='word_1_140' title='bbox 876 2755 1023 2818; x_wconf 87' lang='lat' dir='ltr'>Ecclesiae</span> <span class='ocrx_word' id='word_1_141' title='bbox 1051 2757 1198 2818; x_wconf 81' lang='lat' dir='ltr'>historiam</span> <span class='ocrx_word' id='word_1_142' title='bbox 1218 2772 1246 2820; x_wconf 87' lang='lat' dir='ltr'>et</span> <span class='ocrx_word' id='word_1_143' title='bbox 1269 2751 1486 2836; x_wconf 61' lang='lat' dir='ltr'>sacros&#39;ritus3</span> 
     </span>
    </p>
   </div>
   <div class='ocr_carea' id='block_1_9' title="bbox 460 2862 1491 3059">
    <p class='ocr_par' dir='ltr' id='par_1_10' title="bbox 460 2862 1491 3059">
     <span class='ocr_line' id='line_1_22' title="bbox 460 2862 1488 2949; baseline 0 -20"><span class='ocrx_word' id='word_1_144' title='bbox 460 2869 491 2929; x_wconf 90' lang='lat' dir='ltr'>in</span> <span class='ocrx_word' id='word_1_145' title='bbox 510 2865 608 2949; x_wconf 87' lang='lat' dir='ltr'>primis</span> <span class='ocrx_word' id='word_1_146' title='bbox 629 2883 698 2925; x_wconf 76' lang='lat' dir='ltr'>sero</span> <span class='ocrx_word' id='word_1_147' title='bbox 712 2863 898 2925; x_wconf 84' lang='lat' dir='ltr'>disserentem</span> <span class='ocrx_word' id='word_1_148' title='bbox 916 2863 952 2925; x_wconf 88' lang='lat' dir='ltr'>de</span> <span class='ocrx_word' id='word_1_149' title='bbox 966 2864 1090 2926; x_wconf 91' lang='lat' dir='ltr'>moribus</span> <span class='ocrx_word' id='word_1_150' title='bbox 1110 2862 1302 2946; x_wconf 80' lang='lat' dir='ltr'>theologiam,</span> <span class='ocrx_word' id='word_1_151' title='bbox 1317 2889 1422 2948; x_wconf 68' lang='lat' dir='ltr'>magno</span> <span class='ocrx_word' id='word_1_152' title='bbox 1438 2891 1488 2930; x_wconf 82' lang='lat' dir='ltr'>ex·</span> 
     </span>
     <span class='ocr_line' id='line_1_23' title="bbox 462 2965 1491 3059; baseline 0.001 -31"><span class='ocrx_word' id='word_1_153' title='bbox 462 2989 586 3056; x_wconf 68' lang='lat' dir='ltr'>pecorum</span> <span class='ocrx_word' id='word_1_154' title='bbox 606 2965 644 3027; x_wconf 86' lang='lat' dir='ltr'>ad</span> <span class='ocrx_word' id='word_1_155' title='bbox 663 2984 725 3026; x_wconf 89' lang='lat' dir='ltr'>cnm</span> <span class='ocrx_word' id='word_1_156' title='bbox 746 2965 919 3059; x_wconf 85' lang='lat' dir='ltr'>audiendum</span> <span class='ocrx_word' id='word_1_157' title='bbox 941 2989 1101 3027; x_wconf 86' lang='lat' dir='ltr'>concursu.</span> <span class='ocrx_word' id='word_1_158' title='bbox 1116 2967 1148 3026; x_wconf 90' lang='lat' dir='ltr'>ln</span> <span class='ocrx_word' id='word_1_159' title='bbox 1169 2965 1220 3026; x_wconf 90' lang='lat' dir='ltr'>hac</span> <span class='ocrx_word' id='word_1_160' title='bbox 1235 2965 1308 3027; x_wconf 86' lang='lat' dir='ltr'>adeo</span> <span class='ocrx_word' id='word_1_161' title='bbox 1326 2970 1491 3042; x_wconf 85' lang='lat' dir='ltr'>excelluit,</span> 
     </span>
    </p>
   </div>
   <div class='ocr_carea' id='block_1_10' title="bbox 456 3061 1496 3466">
    <p class='ocr_par' dir='ltr' id='par_1_11' title="bbox 456 3061 1496 3466">
     <span class='ocr_line' id='line_1_24' title="bbox 464 3061 1493 3155; baseline -0.006 -20"><span class='ocrx_word' id='word_1_162' title='bbox 464 3061 497 3151; x_wconf 66' lang='lat' dir='ltr'>itt</span> <span class='ocrx_word' id='word_1_163' title='bbox 513 3073 666 3135; x_wconf 83' lang='lat' dir='ltr'>haberetur</span> <span class='ocrx_word' id='word_1_164' title='bbox 685 3075 765 3153; x_wconf 89' lang='lat' dir='ltr'>quasi</span> <span class='ocrx_word' id='word_1_165' title='bbox 787 3075 932 3134; x_wconf 86' lang='lat' dir='ltr'>oraculum</span> <span class='ocrx_word' id='word_1_166' title='bbox 947 3073 1033 3134; x_wconf 88' lang='lat' dir='ltr'>totius</span> <span class='ocrx_word' id='word_1_167' title='bbox 1052 3073 1203 3155; x_wconf 81' lang='lat' dir='ltr'>patavinae</span> <span class='ocrx_word' id='word_1_168' title='bbox 1223 3071 1404 3135; x_wconf 86' lang='lat' dir='ltr'>dioeceseos.</span> <span class='ocrx_word' id='word_1_169' title='bbox 1422 3077 1493 3137; x_wconf 75' lang='lat' dir='ltr'>Ali.</span> 
     </span>
     <span class='ocr_line' id='line_1_25' title="bbox 465 3173 1493 3260; baseline 0.003 -24"><span class='ocrx_word' id='word_1_170' title='bbox 465 3173 602 3260; x_wconf 77' lang='lat' dir='ltr'>quandiu</span> <span class='ocrx_word' id='word_1_171' title='bbox 621 3176 706 3234; x_wconf 84' lang='lat' dir='ltr'>etiam</span> <span class='ocrx_word' id='word_1_172' title='bbox 727 3173 901 3236; x_wconf 82' lang='lat' dir='ltr'>domesticas</span> <span class='ocrx_word' id='word_1_173' title='bbox 911 3176 1033 3257; x_wconf 75' lang='lat' dir='ltr'>praefuit</span> <span class='ocrx_word' id='word_1_174' title='bbox 1053 3175 1264 3237; x_wconf 81' lang='lat' dir='ltr'>bibliothecae.</span> <span class='ocrx_word' id='word_1_175' title='bbox 1288 3177 1493 3238; x_wconf 75' lang='lat' dir='ltr'>Examinem-</span> 
     </span>
     <span class='ocr_line' id='line_1_26' title="bbox 456 3276 1496 3362; baseline -0.004 -18"><span class='ocrx_word' id='word_1_176' title='bbox 456 3285 528 3353; x_wconf 80' lang='lat' dir='ltr'>‚rs&#39;s‚</span> <span class='ocrx_word' id='word_1_177' title='bbox 547 3291 579 3340; x_wconf 85' lang='lat' dir='ltr'>ut</span> <span class='ocrx_word' id='word_1_178' title='bbox 597 3276 695 3358; x_wconf 75' lang='lat' dir='ltr'>aiant,</span> <span class='ocrx_word' id='word_1_179' title='bbox 713 3278 865 3361; x_wconf 65' lang='lat' dir='ltr'>synodalis</span> <span class='ocrx_word' id='word_1_180' title='bbox 883 3297 988 3338; x_wconf 72' lang='lat' dir='ltr'>mnas</span> <span class='ocrx_word' id='word_1_181' title='bbox 1007 3279 1152 3348; x_wconf 82' lang='lat' dir='ltr'>exercuit,</span> <span class='ocrx_word' id='word_1_182' title='bbox 1163 3292 1192 3338; x_wconf 91' lang='lat' dir='ltr'>et</span> <span class='ocrx_word' id='word_1_183' title='bbox 1209 3277 1382 3362; x_wconf 86' lang='lat' dir='ltr'>episcopalis</span> <span class='ocrx_word' id='word_1_184' title='bbox 1405 3277 1496 3340; x_wconf 86' lang='lat' dir='ltr'>theo·</span> 
     </span>
     <span class='ocr_line' id='line_1_27' title="bbox 464 3380 1496 3466; baseline 0.003 -22"><span class='ocrx_word' id='word_1_185' title='bbox 464 3383 540 3466; x_wconf 76' lang='lat' dir='ltr'>logi,</span> <span class='ocrx_word' id='word_1_186' title='bbox 551 3381 660 3466; x_wconf 80' lang='lat' dir='ltr'>jandiu</span> <span class='ocrx_word' id='word_1_187' title='bbox 679 3394 828 3464; x_wconf 87' lang='lat' dir='ltr'>cooptatus</span> <span class='ocrx_word' id='word_1_188' title='bbox 846 3380 923 3453; x_wconf 77' lang='lat' dir='ltr'>inter</span> <span class='ocrx_word' id='word_1_189' title='bbox 940 3380 1104 3462; x_wconf 78' lang='lat' dir='ltr'>theologos.</span> <span class='ocrx_word' id='word_1_190' title='bbox 1116 3384 1160 3445; x_wconf 84' lang='lat' dir='ltr'>lv</span> <span class='ocrx_word' id='word_1_191' title='bbox 1181 3381 1226 3442; x_wconf 86' lang='lat' dir='ltr'>ld.</span> <span class='ocrx_word' id='word_1_192' title='bbox 1250 3381 1396 3442; x_wconf 81' lang='lat' dir='ltr'>Novemb.</span> <span class='ocrx_word' id='word_1_193' title='bbox 1419 3405 1496 3448; x_wconf 84' lang='lat' dir='ltr'>ann.</span> 
     </span>
    </p>
   </div>
   <div class='ocr_carea' id='block_1_11' title="bbox 466 3488 1502 3676">
    <p class='ocr_par' dir='ltr' id='par_1_12' title="bbox 466 3488 1502 3676">
     <span class='ocr_line' id='line_1_28' title="bbox 471 3488 1499 3571; baseline 0.003 -19"><span class='ocrx_word' id='word_1_194' title='bbox 471 3495 546 3571; x_wconf 81' lang='lat'><strong>1718</strong></span> <span class='ocrx_word' id='word_1_195' title='bbox 574 3506 657 3552; x_wconf 85' lang='lat' dir='ltr'>natus</span> <span class='ocrx_word' id='word_1_196' title='bbox 688 3491 719 3552; x_wconf 90' lang='lat' dir='ltr'>in</span> <span class='ocrx_word' id='word_1_197' title='bbox 749 3488 954 3560; x_wconf 86' lang='lat' dir='ltr'>Montesilice‚</span> <span class='ocrx_word' id='word_1_198' title='bbox 969 3491 1101 3554; x_wconf 77' lang='lat' dir='ltr'>venetiis</span> <span class='ocrx_word' id='word_1_199' title='bbox 1135 3489 1207 3552; x_wconf 86' lang='lat' dir='ltr'>obiit</span> <span class='ocrx_word' id='word_1_200' title='bbox 1233 3504 1390 3552; x_wconf 73' lang='lat' dir='ltr'>extremo·</span> <span class='ocrx_word' id='word_1_201' title='bbox 1412 3491 1499 3556; x_wconf 79' lang='lat' dir='ltr'>dien</span> 
     </span>
     <span class='ocr_line' id='line_1_29' title="bbox 466 3589 1502 3676; baseline 0.008 -24"><span class='ocrx_word' id='word_1_202' title='bbox 466 3611 563 3653; x_wconf 84' lang='lat' dir='ltr'>messe</span> <span class='ocrx_word' id='word_1_203' title='bbox 582 3593 682 3652; x_wconf 84' lang='lat' dir='ltr'>martio</span> <span class='ocrx_word' id='word_1_204' title='bbox 700 3613 775 3654; x_wconf 86' lang='lat' dir='ltr'>anno</span> <span class='ocrx_word' id='word_1_205' title='bbox 807 3613 884 3652; x_wconf 89' lang='lat' dir='ltr'>nono</span> <span class='ocrx_word' id='word_1_206' title='bbox 914 3589 1067 3674; x_wconf 83' lang='lat' dir='ltr'>superioris</span> <span class='ocrx_word' id='word_1_207' title='bbox 1091 3593 1199 3653; x_wconf 89' lang='lat' dir='ltr'>sacculi</span> <span class='ocrx_word' id='word_1_208' title='bbox 1227 3608 1255 3653; x_wconf 87' lang='lat' dir='ltr'>et</span> <span class='ocrx_word' id='word_1_209' title='bbox 1280 3597 1502 3676; x_wconf 80' lang='lat' dir='ltr'>septuagesimo</span> 
     </span>
    </p>
   </div>
   <div class='ocr_carea' id='block_1_12' title="bbox 464 3701 1508 4004">
    <p class='ocr_par' dir='ltr' id='par_1_13' title="bbox 464 3701 1508 4004">
     <span class='ocr_line' id='line_1_30' title="bbox 468 3701 1505 3785; baseline 0.005 -23"><span class='ocrx_word' id='word_1_210' title='bbox 468 3715 613 3784; x_wconf 81' lang='lat' dir='ltr'>correptus</span> <span class='ocrx_word' id='word_1_211' title='bbox 642 3707 823 3775; x_wconf 70' lang='lat' dir='ltr'>dnoninp&#39;o.</span> <span class='ocrx_word' id='word_1_212' title='bbox 843 3702 955 3762; x_wconf 82' lang='lat' dir='ltr'>Patavii</span> <span class='ocrx_word' id='word_1_213' title='bbox 983 3701 1015 3761; x_wconf 88' lang='lat' dir='ltr'>in</span> <span class='ocrx_word' id='word_1_214' title='bbox 1040 3701 1161 3762; x_wconf 85' lang='lat' dir='ltr'>ecclesia</span> <span class='ocrx_word' id='word_1_215' title='bbox 1191 3701 1350 3785; x_wconf 77' lang='lat' dir='ltr'>parochiali</span> <span class='ocrx_word' id='word_1_216' title='bbox 1372 3705 1407 3766; x_wconf 89' lang='lat' dir='ltr'>S.</span> <span class='ocrx_word' id='word_1_217' title='bbox 1437 3706 1505 3768; x_wconf 82' lang='lat' dir='ltr'>Ni·</span> 
     </span>
     <span class='ocr_line' id='line_1_31' title="bbox 469 3807 1508 3894; baseline 0.007 -26"><span class='ocrx_word' id='word_1_218' title='bbox 469 3809 543 3870; x_wconf 81' lang='lat' dir='ltr'>colai</span> <span class='ocrx_word' id='word_1_219' title='bbox 564 3831 581 3869; x_wconf 88' lang='lat' dir='ltr'>a</span> <span class='ocrx_word' id='word_1_220' title='bbox 599 3807 712 3870; x_wconf 75' lang='lat' dir='ltr'>ioanne</span> <span class='ocrx_word' id='word_1_221' title='bbox 731 3809 860 3892; x_wconf 89' lang='lat' dir='ltr'>Baptista</span> <span class='ocrx_word' id='word_1_222' title='bbox 880 3809 1065 3893; x_wconf 76' lang='lat' dir='ltr'>Martinengo</span> <span class='ocrx_word' id='word_1_223' title='bbox 1088 3823 1156 3872; x_wconf 87' lang='lat' dir='ltr'>tuno</span> <span class='ocrx_word' id='word_1_224' title='bbox 1180 3811 1337 3873; x_wconf 86' lang='lat' dir='ltr'>Seminarii</span> <span class='ocrx_word' id='word_1_225' title='bbox 1356 3815 1508 3894; x_wconf 78' lang='lat' dir='ltr'>magistro</span> 
     </span>
     <span class='ocr_line' id='line_1_32' title="bbox 464 3908 1506 4004; baseline 0.006 -28"><span class='ocrx_word' id='word_1_226' title='bbox 464 3913 601 3977; x_wconf 83' lang='lat' dir='ltr'>&#39;laudatos</span> <span class='ocrx_word' id='word_1_227' title='bbox 623 3929 666 3978; x_wconf 87' lang='lat' dir='ltr'>est</span> <span class='ocrx_word' id='word_1_228' title='bbox 683 3916 758 3976; x_wconf 89' lang='lat' dir='ltr'>inter</span> <span class='ocrx_word' id='word_1_229' title='bbox 776 3917 913 3979; x_wconf 88' lang='lat' dir='ltr'>solemnia</span> <span class='ocrx_word' id='word_1_230' title='bbox 929 3908 1060 3995; x_wconf 47' lang='lat' dir='ltr'>&#39;luserim</span> <span class='ocrx_word' id='word_1_231' title='bbox 1082 3919 1155 4002; x_wconf 82' lang='lat' dir='ltr'>grati</span> <span class='ocrx_word' id='word_1_232' title='bbox 1174 3919 1263 3981; x_wconf 86' lang='lat' dir='ltr'>animi</span> <span class='ocrx_word' id='word_1_233' title='bbox 1285 3939 1354 4004; x_wconf 76' lang='lat' dir='ltr'>ergo</span> <span class='ocrx_word' id='word_1_234' title='bbox 1373 3917 1414 3980; x_wconf 90' lang='lat' dir='ltr'>ab</span> <span class='ocrx_word' id='word_1_235' title='bbox 1436 3921 1506 4004; x_wconf 73' lang='lat' dir='ltr'>ejus</span> 
     </span>
    </p>
   </div>
   <div class='ocr_carea' id='block_1_13' title="bbox 469 4015 795 4106">
    <p class='ocr_par' dir='ltr' id='par_1_14' title="bbox 469 4015 795 4106">
     <span class='ocr_line' id='line_1_33' title="bbox 469 4015 795 4106; baseline 0.003 -24"><span class='ocrx_word' id='word_1_236' title='bbox 469 4017 618 4106; x_wconf 70' lang='lat' dir='ltr'>discipulis</span> <span class='ocrx_word' id='word_1_237' title='bbox 636 4015 795 4087; x_wconf 68' lang='lat' dir='ltr'>immissa.</span> 
     </span>
    </p>
   </div>
   <div class='ocr_carea' id='block_1_14' title="bbox 0 0 1661 4959">
    <p class='ocr_par' dir='ltr' id='par_1_15' title="bbox 0 0 1661 4959">
     <span class='ocr_line' id='line_1_34' title="bbox 0 0 1661 4959; baseline 0 0"><span class='ocrx_word' id='word_1_238' title='bbox 0 0 1661 4959; x_wconf 95' lang='lat' dir='ltr'> </span> 
     </span>
    </p>
   </div>
  </div>
 </body>
</html>
