3259 4959
537 352 658 400 raconr
682 351 877 402 aaronem
1161 339 1227 409 113

206 473 408 556 stitutionis,
427 471 470 541 de
488 471 563 540 aliis
590 471 633 539 ad
652 470 875 539 Seminarium
903 471 1127 560 spectantibus
1147 477 1162 566 (
1187 477 1221 564 ).

209 605 306 672 Hunc
326 590 502 689 aliquando
525 591 654 658 itineris
670 589 796 658 socium
814 590 917 657 voluit
935 606 969 656 et
988 591 1229 679 rusticationis3

209 714 380 786 eteoclem
399 735 477 778 usus
496 725 548 776 est
571 723 750 796 anagnoste
777 705 851 796 (2).
872 707 924 772 De
953 731 1016 795 quo
1044 705 1228 780 identidem

211 825 403 902 Jacobeuur
422 822 458 891 in
478 819 546 888 suis
564 819 730 909 epistolis.
751 818 846 887 Idem
866 818 929 896 rite
948 835 1062 908 postea
1081 820 1117 888 in
1145 820 1235 912 judi.

211 947 264 1015 cio
283 945 325 1015 de
344 940 496 1030 Gregorii
516 939 693 1008 sanctitate
707 936 862 1026 religiose
882 936 1107 1006 testimonium
1127 938 1233 1026 ‹lixit3

210 1063 300 1155 quod
319 1060 497 1132 admodum
521 1081 600 1127 sane
619 1057 786 1146 locuples.
808 1057 841 1123 ls
868 1055 958 1124 enirn
987 1057 1114 1147 optime
1146 1057 1229 1125 Car-

213 1181 361 1252 dinalem
377 1196 490 1262 norat,
514 1193 549 1247 et
574 1175 644 1272 ejus
673 1175 889 1266 religionem,
916 1175 1102 1262 studiosus,
1131 1199 1232 1267 quam

214 1301 273 1391 qui
298 1298 443 1367 maxime
454 1350 465 1383 ,
485 1296 611 1388 etipse
631 1294 819 1384 religionis.

263 1415 362 1486 Nihil
381 1413 463 1486 serre
492 1431 648 1504 poterat,
672 1413 759 1503 quod
778 1413 931 1482 eamdem
952 1413 1099 1483 laederet
1114 1415 1166 1483 vel
1186 1415 1236 1483 le-

218 1532 380 1602 vissime.
400 1529 578 1632 Divinag(
593 1531 641 1599 sic
668 1530 727 1598 illc
755 1530 868 1598 nescio
897 1531 950 1599 cui
971 1530 1093 1623 iocanti
1126 1534 1241 1602 minus

217 1650 430 1738 opportune)
449 1648 584 1732 divino,
603 1661 639 1718 et
658 1672 744 1738 qttue
761 1646 885 1718 divinis
915 1647 1100 1719 adbaerent
1109 1703 1120 1736 ,
1140 1677 1238 1721 nurn-

216 1791 318 1856 qutrm
335 1765 484 1858 tangito,
502 1765 570 1836 nisi
587 1776 703 1836 sancte
720 1766 795 1855 (3).
821 1766 949 1836 Amicis
969 1767 1081 1836 omnia
1111 1771 1234 1837 condo-

217 1883 320 1953 nabat
338 1901 468 1976 praeter
485 1883 588 1967 ritia3
608 1883 713 1950 immo
733 1906 788 1951 eos
809 1883 1029 1969 admonebat,
1050 1910 1145 1952 verae
1175 1885 1237 1952 lroo

217 2019 251 2069 et
268 2003 427 2095 ingenuae
447 2001 616 2070 amicitiae
635 2000 781 2070 officium
803 2020 948 2092 putans.
969 2001 1010 2072 ld
1029 2002 1098 2082 nisi
1121 2030 1236 2074 neone-

219 2145 315 2205 rem,
333 2120 443 2190 eidem
465 2119 531 2211 ait,
549 2144 616 2188 non
637 2131 671 2188 te
689 2118 869 2210 diligerem
891 2119 964 2212 (4).

269 2236 413 2304 Graecas
430 2235 557 2302 litteras
575 2233 812 2322 promovendi,
831 2250 864 2303 et
884 2233 966 2303 alios
986 2233 1121 2326 iuvandi
1134 2235 1242 2304 studio

224 2371 406 2438 numquam
427 2345 594 2419 laboribus
616 2349 781 2438 pepercit.
808 2351 918 2436 Quare
945 2349 1070 2422 viribus
1098 2349 1242 2438 corporis

222 2464 379 2556 languere
397 2463 532 2554 coepit3
551 2459 685 2552 vigebat
704 2477 815 2532 tamen
836 2463 963 2546 animo,
982 2462 1174 2552 virebatque
1193 2463 1242 2530 in-

223 2579 323 2671 tegris
340 2576 511 2648 sensibus.
531 2577 632 2645 Domi
653 2578 789 2669 posthae
809 2600 845 2647 se
867 2577 1053 2662 continuit,
1073 2601 1171 2669 quem
1192 2602 1242 2646 so-

224 2691 341 2761 lebant
369 2691 465 2762 multi
489 2689 649 2774 inrisere,
677 2691 798 2781 partim
823 2692 932 2762 civilis
952 2701 1088 2762 ¹tanturn
1113 2691 1243 2780 officii,

226 2805 349 2895 partim
364 2806 467 2874 etiam
482 2803 631 2873 discendi
645 2805 764 2896 gratia.
778 2807 923 2876 Mortem
942 2807 1082 2898 oppetiit
1098 2807 1149 2878 IV
1164 2807 1243 2878 Idus

225 2919 339 3012 Maias
358 2944 444 2988 unno
467 2921 565 3010 1737,
577 2918 697 2988 aetatis
714 2915 759 3010 74
773 2919 823 2988 sui
839 2919 1039 2990 desiderium
1053 2920 1241 3010 relinquens

224 3035 400 3124 omnibus,
419 3037 595 3129 praecipue
613 3039 727 3129 ogonis
748 3037 784 3106 in
803 3063 884 3130 quos
905 3040 1029 3110 eximie
1049 3039 1241 3110 munilious.

225 3151 380 3240 Sepultus
399 3151 487 3245 jacet
509 3151 545 3219 in
564 3152 744 3220 cathedrali
766 3153 848 3222 aede
867 3153 1021 3243 patavina
1041 3176 1105 3220 non
1129 3147 1243 3242 procul

227 3262 271 3331 ab
289 3288 345 3332 ara
364 3265 515 3356 Virginis
546 3266 712 3356 Deiparae
731 3290 807 3336 cum
835 3267 898 3336 hoc
918 3267 1032 3354 titulo,
1056 3265 1147 3358 cujus
1179 3285 1240 3338 au-

228 3393 298 3444 ctor
317 3375 528 3448 Sebastianus
544 3381 753 3449 Franzonus:

569 3547 900 3578 ἪΜΜΜΜΜΜΜ
