3259 4959
392 318 456 367 roo
867 308 952 362 vm

429 436 507 507 Non
523 444 638 525 parurn
658 444 745 501 certe
760 430 949 503 reconditae
966 426 1162 501 eruditionis
1179 428 1214 499 in
1233 428 1287 505 his
1299 437 1409 501 ocdrn.

392 552 438 622 rit
450 545 635 641 legentibus
654 560 687 613 et
699 544 830 613 critioer
846 594 854 616 .
868 544 987 633 Neque
1006 543 1098 615 enirn
1114 541 1239 633 Joseph
1257 546 1317 631 (ut
1334 543 1410 633 ipae

387 662 553 739 lateturin
567 658 793 753 praefatione)
808 656 966 752 cujusquo
981 656 1105 728 codicia
1117 672 1247 727 tantum
1261 671 1409 730 aetatem

391 783 512 869 tradit,
530 781 589 851 sed
608 780 712 851 etiam
735 784 949 862 ornamenta,
969 779 1132 870 picturas,
1145 778 1274 865 icones,
1294 777 1411 849 chara·

389 897 488 967 eteris
507 894 704 988 elegantiam
723 910 758 963 et
781 894 996 979 varietatem,
1012 909 1047 963 et
1063 894 1130 967 alia
1148 893 1310 986 plurima.
1326 890 1407 964 Sin·

389 1013 465 1109 gula
485 1013 648 1098 excussit,
666 1028 700 1083 et
719 1027 869 1082 eooorate
886 1012 1047 1104 perlegit3
1069 1012 1122 1083 rel
1145 1012 1286 1083 minima
1312 1034 1407 1081 surn-

391 1152 448 1200 ma
467 1126 530 1197 fido
549 1142 583 1195 et
601 1124 774 1217 diligentia
799 1124 992 1217 desoripsit;
1020 1126 1190 1217 supposita
1209 1150 1229 1199 a
1254 1125 1409 1217 genuinis

390 1241 550 1327 secrevit3
569 1240 636 1317 alia
663 1238 749 1309 inter
776 1237 878 1311 dultia
902 1240 1093 1326 reoensuit,
1120 1240 1189 1311 suis
1216 1239 1405 1315 auctoribus

390 1358 457 1431 alia
485 1354 649 1443 assemit3
676 1369 829 1447 corrupta
851 1354 1061 1439 emendavit,
1088 1350 1219 1426 foedata
1241 1354 1408 1440 restituit,

390 1471 519 1564 redegit
535 1469 571 1541 in
590 1468 740 1549 ordinem
760 1469 851 1545 male
867 1466 1253 1549 nexa.1³aucis:inh0c
1270 1491 1335 1561 non
1349 1492 1409 1559 pe

393 1584 499 1679 percit
525 1604 663 1673 operae,
683 1606 750 1661 non
779 1582 902 1661 labori.
934 1579 1072 1669 Telarn,
1102 1580 1230 1672 inquit,
1260 1579 1408 1653 texirtuts

392 1707 428 1768 et
446 1692 628 1764 reteximus
638 1746 650 1781 ,
669 1692 765 1783 quasi
783 1693 891 1773 irrotm
909 1695 1113 1788 Penelopes,
1129 1692 1236 1766 donec
1255 1692 1409 1773 eamdent

390 1804 613 1897 confecimus,
625 1803 746 1897 focem
762 1816 877 1884 tanea
893 1806 1018 1898 ubique
1032 1806 1302 1899 praefhrerrtibns
1324 1805 1406 1883 tirio

394 1923 609 2017 antiquitatis
625 1922 785 2001 auduus
803 1928 877 2020 (r).
897 1927 951 1998 Ad
974 1950 1047 2006 rem
1072 1926 1306 2016 perficiendam
1335 1923 1410 1996 fue-

396 2060 472 2115 runt
487 2043 539 2115 illi
560 2042 724 2138 adjutores
743 2043 828 2130 duo,
847 2043 1011 2117 Antonius
1028 2044 1215 2115 Rivautella
1239 2060 1275 2115 et
1303 2046 1411 2115 Fran.

394 2163 500 2237 circus
518 2164 616 2241 Berta
634 2162 698 2233 viri
717 2163 923 2251 doctissimi,
948 2179 983 2239 et
1010 2162 1160 2262 ejudem
1184 2160 1411 2241 bibliothecae

390 2283 502 2375 regiae
519 2282 688 2356 custodes.

439 2400 487 2473 Ut
504 2413 616 2473 autem
634 2398 759 2489 ioseph
777 2398 896 2491 pietati
919 2423 1000 2472 snae
1016 2396 1240 2485 satisfaceret,
1268 2418 1412 2489 eamque

394 2511 589 2587 rependeret
600 2526 635 2581 et
654 2511 689 2585 in
705 2512 985 2598 aliis‚lriatoriam
1002 2514 1081 2586 novi
1092 2512 1307 2587 Testamenti*
1317 2511 1413 2587 dedit

394 2625 552 2701 edurum
579 2624 724 2699 hominis
752 2626 923 2701 ehmstiani
934 2682 949 2716 ,
974 2628 1173 2720 quibusdam
1201 2618 1414 2699 animadver-

393 2742 542 2815 rionihns
561 2744 779 2832 instmctam,
807 2768 947 2840 qrrarum
976 2745 1064 2817 aliae
1087 2742 1294 2829 historicae,
1323 2739 1413 2815 alias

394 2859 560 2951 pertinent
578 2861 621 2931 ad
638 2884 767 2937 mores.
791 2864 882 2937 Haeo
891 2914 903 2951 ,
921 2888 998 2935 eum
1016 2864 1162 2957 primum
1179 2861 1321 2953 prodiit,
1341 2879 1410 2931 non

394 2972 601 3065 praeferebat
619 2974 762 3051 auctoris
783 2998 925 3065 nomen3
944 3000 1102 3068 magnam
1119 2992 1231 3044 tamen
1244 2974 1288 3043 ab
1301 2971 1410 3043 erudi·

396 3089 440 3161 tit
459 3090 537 3161 iniit
555 3092 715 3183 gratiam.
732 3091 894 3163 Additum
917 3110 1032 3185 postea
1054 3116 1193 3163 nomen.
1217 3093 1305 3161 Tum
1333 3109 1412 3161 vero

395 3207 576 3279 litterariae
603 3209 834 3301 ephemerides
849 3211 1005 3285 Venetiir
1033 3210 1143 3282 editae
1162 3232 1239 3281 ann.
1267 3205 1352 3302 1751
1373 3206 1411 3276 in

395 3324 468 3419 'ejus
495 3324 609 3395 laudes
626 3347 833 3411 xtaxcurrsrre,
859 3346 902 3396 ex
927 3349 968 3396 eo
995 3323 1172 3417 praeeipne
1183 3376 1194 3409 ,
1213 3322 1300 3415 quod
1324 3340 1410 3412 quae

395 3444 640 3537 praecipiuntur
657 3443 693 3513 in
711 3442 913 3537 Evangelio,
940 3444 1156 3517 illustraverit
1183 3437 1409 3534 praeclamat,

272 3570 275 3578 '
396 3557 462 3637 mit
480 3558 586 3639 divini
603 3558 759 3652 Magistri
777 3575 811 3629 et
837 3560 1071 3653 Apostolorum
1098 3553 1264 3649 exemplis
1270 3584 1283 3645 3
1308 3552 1412 3645 idque

734 3786 1064 3825 mmmmm

441 3932 493 4015 (r)
507 3932 541 3997 la
558 3932 679 4019 meist.
697 3930 738 3999 ad
751 3930 888 4003 rediret.
