<?xml version="1.0" encoding="UTF-8"?>
<!DOCTYPE html PUBLIC "-//W3C//DTD XHTML 1.0 Transitional//EN"
    "http://www.w3.org/TR/xhtml1/DTD/xhtml1-transitional.dtd">
<html xmlns="http://www.w3.org/1999/xhtml" xml:lang="en" lang="en">
 <head>
  <title>
</title>
<meta http-equiv="Content-Type" content="text/html;charset=utf-8" />
  <meta name='ocr-system' content='tesseract 3.04.00' />
  <meta name='ocr-capabilities' content='ocr_page ocr_carea ocr_par ocr_line ocrx_word'/>
</head>
<body>
  <div class='ocr_page' id='page_1' title='image "./vitaevirorumill00ferrgoog_0031.png"; bbox 0 0 3259 4959; ppageno 0'>
   <div class='ocr_carea' id='block_1_1' title="bbox 216 314 1263 4001">
    <p class='ocr_par' dir='ltr' id='par_1_1' title="bbox 221 314 1245 2257">
     <span class='ocr_line' id='line_1_1' title="bbox 1144 314 1243 383; baseline 0.01 -3"><span class='ocrx_word' id='word_1_1' title='bbox 1144 314 1243 383; x_wconf 62' lang='lat'><strong>31¹³!</strong></span> 
     </span>
     <span class='ocr_line' id='line_1_2' title="bbox 229 422 1245 521; baseline -0.007 -22"><span class='ocrx_word' id='word_1_2' title='bbox 229 430 335 521; x_wconf 66' lang='lat' dir='ltr'><strong>gregis</strong></span> <span class='ocrx_word' id='word_1_3' title='bbox 351 426 529 511; x_wconf 80' lang='lat' dir='ltr'><strong>sollicitus,</strong></span> <span class='ocrx_word' id='word_1_4' title='bbox 549 448 647 517; x_wconf 85' lang='lat' dir='ltr'><strong>quam</strong></span> <span class='ocrx_word' id='word_1_5' title='bbox 673 424 715 499; x_wconf 86' lang='lat' dir='ltr'><strong>de</strong></span> <span class='ocrx_word' id='word_1_6' title='bbox 734 424 866 508; x_wconf 82' lang='lat' dir='ltr'><strong>illorum</strong></span> <span class='ocrx_word' id='word_1_7' title='bbox 894 422 982 509; x_wconf 73' lang='lat' dir='ltr'><strong>bono</strong></span> <span class='ocrx_word' id='word_1_8' title='bbox 1010 442 1044 497; x_wconf 86' lang='lat' dir='ltr'><strong>et</strong></span> <span class='ocrx_word' id='word_1_9' title='bbox 1073 428 1245 519; x_wconf 64' lang='lat' dir='ltr'><strong>incolumi,</strong></span> 
     </span>
     <span class='ocr_line' id='line_1_3' title="bbox 230 541 1244 639; baseline -0.005 -22"><span class='ocrx_word' id='word_1_10' title='bbox 230 568 314 637; x_wconf 73' lang='lat' dir='ltr'><strong>tate.</strong></span> <span class='ocrx_word' id='word_1_11' title='bbox 335 552 428 637; x_wconf 85' lang='lat' dir='ltr'><strong>Quae</strong></span> <span class='ocrx_word' id='word_1_12' title='bbox 447 546 582 639; x_wconf 86' lang='lat' dir='ltr'><strong>quidem</strong></span> <span class='ocrx_word' id='word_1_13' title='bbox 602 545 715 629; x_wconf 80' lang='lat' dir='ltr'><strong>omnia</strong></span> <span class='ocrx_word' id='word_1_14' title='bbox 735 568 865 613; x_wconf 77' lang='lat' dir='ltr'><strong>summu</strong></span> <span class='ocrx_word' id='word_1_15' title='bbox 885 541 1018 613; x_wconf 84' lang='lat' dir='ltr'><strong>fuerunt</strong></span> <span class='ocrx_word' id='word_1_16' title='bbox 1036 544 1072 631; x_wconf 85' lang='lat' dir='ltr'><strong>in</strong></span> <span class='ocrx_word' id='word_1_17' title='bbox 1101 547 1164 617; x_wconf 88' lang='lat' dir='ltr'><strong>hoe</strong></span> <span class='ocrx_word' id='word_1_18' title='bbox 1192 549 1244 637; x_wconf 64' lang='lat' dir='ltr'><strong>inf.</strong></span> 
     </span>
     <span class='ocr_line' id='line_1_4' title="bbox 229 646 1244 753; baseline -0.005 -24"><span class='ocrx_word' id='word_1_19' title='bbox 229 687 288 751; x_wconf 73' lang='lat' dir='ltr'><strong>ro,</strong></span> <span class='ocrx_word' id='word_1_20' title='bbox 310 646 520 753; x_wconf 67' lang='lat' dir='ltr'><strong>maximeque</strong></span> <span class='ocrx_word' id='word_1_21' title='bbox 539 658 759 751; x_wconf 79' lang='lat' dir='ltr'><strong>praestantia.</strong></span> <span class='ocrx_word' id='word_1_22' title='bbox 780 660 821 727; x_wconf 88' lang='lat' dir='ltr'><strong>In</strong></span> <span class='ocrx_word' id='word_1_23' title='bbox 839 680 878 727; x_wconf 89' lang='lat' dir='ltr'><strong>eo</strong></span> <span class='ocrx_word' id='word_1_24' title='bbox 897 658 989 743; x_wconf 86' lang='lat' dir='ltr'><strong>enim</strong></span> <span class='ocrx_word' id='word_1_25' title='bbox 1009 657 1060 743; x_wconf 77' lang='lat' dir='ltr'><strong>ris</strong></span> <span class='ocrx_word' id='word_1_26' title='bbox 1077 676 1112 738; x_wconf 83' lang='lat' dir='ltr'><strong>et</strong></span> <span class='ocrx_word' id='word_1_27' title='bbox 1140 664 1244 732; x_wconf 85' lang='lat' dir='ltr'><strong>soler.</strong></span> 
     </span>
     <span class='ocr_line' id='line_1_5' title="bbox 227 757 1241 867; baseline 0.004 -24"><span class='ocrx_word' id='word_1_28' title='bbox 227 776 275 863; x_wconf 80' lang='lat' dir='ltr'><strong>tia</strong></span> <span class='ocrx_word' id='word_1_29' title='bbox 298 778 419 867; x_wconf 85' lang='lat' dir='ltr'><strong>mentis</strong></span> <span class='ocrx_word' id='word_1_30' title='bbox 453 757 547 843; x_wconf 80' lang='lat' dir='ltr'><strong>valde</strong></span> <span class='ocrx_word' id='word_1_31' title='bbox 577 789 786 863; x_wconf 28' lang='lat' dir='ltr'><strong>promptae13</strong></span> <span class='ocrx_word' id='word_1_32' title='bbox 817 794 948 862; x_wconf 83' lang='lat' dir='ltr'>semper</span> <span class='ocrx_word' id='word_1_33' title='bbox 967 773 1118 860; x_wconf 84' lang='lat' dir='ltr'><strong>adhibita</strong></span> <span class='ocrx_word' id='word_1_34' title='bbox 1136 768 1241 847; x_wconf 90' lang='lat' dir='ltr'><strong>latine</strong></span> 
     </span>
     <span class='ocr_line' id='line_1_6' title="bbox 225 887 1244 980; baseline 0.002 -21"><span class='ocrx_word' id='word_1_35' title='bbox 225 891 391 977; x_wconf 84' lang='lat' dir='ltr'><strong>scribendi</strong></span> <span class='ocrx_word' id='word_1_36' title='bbox 412 887 611 959; x_wconf 87' lang='lat' dir='ltr'><strong>cousuetudo</strong></span> <span class='ocrx_word' id='word_1_37' title='bbox 638 902 736 979; x_wconf 90' lang='lat' dir='ltr'><strong>atque</strong></span> <span class='ocrx_word' id='word_1_38' title='bbox 755 888 969 979; x_wconf 64' lang='lat' dir='ltr'><strong>erorcimti03</strong></span> <span class='ocrx_word' id='word_1_39' title='bbox 983 890 1122 979; x_wconf 86' lang='lat' dir='ltr'><strong>insignis</strong></span> <span class='ocrx_word' id='word_1_40' title='bbox 1137 891 1244 980; x_wconf 83' lang='lat' dir='ltr'><strong>pietas</strong></span> 
     </span>
     <span class='ocr_line' id='line_1_7' title="bbox 224 1006 1243 1100; baseline -0.006 -19"><span class='ocrx_word' id='word_1_41' title='bbox 224 1026 258 1091; x_wconf 85' lang='lat' dir='ltr'><strong>et</strong></span> <span class='ocrx_word' id='word_1_42' title='bbox 277 1010 451 1100; x_wconf 84' lang='lat' dir='ltr'><strong>splendide</strong></span> <span class='ocrx_word' id='word_1_43' title='bbox 476 1008 564 1095; x_wconf 86' lang='lat' dir='ltr'><strong>eulta</strong></span> <span class='ocrx_word' id='word_1_44' title='bbox 599 1006 641 1075; x_wconf 90' lang='lat' dir='ltr'><strong>ad</strong></span> <span class='ocrx_word' id='word_1_45' title='bbox 670 1007 892 1095; x_wconf 81' lang='lat' dir='ltr'><strong>exemplum3</strong></span> <span class='ocrx_word' id='word_1_46' title='bbox 924 1008 1104 1093; x_wconf 80' lang='lat' dir='ltr'>moderatio</span> <span class='ocrx_word' id='word_1_47' title='bbox 1138 1007 1243 1097; x_wconf 79' lang='lat' dir='ltr'><strong>animi</strong></span> 
     </span>
     <span class='ocr_line' id='line_1_8' title="bbox 224 1121 1244 1211; baseline 0 -21"><span class='ocrx_word' id='word_1_48' title='bbox 224 1138 332 1211; x_wconf 73' lang='lat' dir='ltr'><strong>panta,</strong></span> <span class='ocrx_word' id='word_1_49' title='bbox 353 1138 390 1191; x_wconf 94' lang='lat' dir='ltr'><strong>ut</strong></span> <span class='ocrx_word' id='word_1_50' title='bbox 408 1121 526 1209; x_wconf 82' lang='lat' dir='ltr'><strong>laudes</strong></span> <span class='ocrx_word' id='word_1_51' title='bbox 546 1144 620 1189; x_wconf 82' lang='lat' dir='ltr'><strong>suas</strong></span> <span class='ocrx_word' id='word_1_52' title='bbox 642 1143 705 1187; x_wconf 88' lang='lat' dir='ltr'><strong>non</strong></span> <span class='ocrx_word' id='word_1_53' title='bbox 728 1121 842 1209; x_wconf 80' lang='lat' dir='ltr'><strong>aequis</strong></span> <span class='ocrx_word' id='word_1_54' title='bbox 863 1121 996 1208; x_wconf 83' lang='lat' dir='ltr'><strong>auribus</strong></span> <span class='ocrx_word' id='word_1_55' title='bbox 1024 1122 1180 1207; x_wconf 87' lang='lat' dir='ltr'><strong>audiret,</strong></span> <span class='ocrx_word' id='word_1_56' title='bbox 1209 1137 1244 1190; x_wconf 88' lang='lat' dir='ltr'><strong>et</strong></span> 
     </span>
     <span class='ocr_line' id='line_1_9' title="bbox 224 1235 1243 1327; baseline 0.003 -26"><span class='ocrx_word' id='word_1_57' title='bbox 224 1256 325 1324; x_wconf 83' lang='lat' dir='ltr'>prope</span> <span class='ocrx_word' id='word_1_58' title='bbox 370 1237 492 1327; x_wconf 86' lang='lat' dir='ltr'><strong>pudore</strong></span> <span class='ocrx_word' id='word_1_59' title='bbox 524 1235 666 1323; x_wconf 87' lang='lat' dir='ltr'><strong>quodam</strong></span> <span class='ocrx_word' id='word_1_60' title='bbox 706 1236 900 1321; x_wconf 84' lang='lat' dir='ltr'><strong>exciperet;</strong></span> <span class='ocrx_word' id='word_1_61' title='bbox 933 1252 1023 1325; x_wconf 77' lang='lat' dir='ltr'><strong>tanta</strong></span> <span class='ocrx_word' id='word_1_62' title='bbox 1057 1238 1177 1304; x_wconf 87' lang='lat' dir='ltr'><strong>caritas</strong></span> <span class='ocrx_word' id='word_1_63' title='bbox 1206 1236 1243 1321; x_wconf 84' lang='lat' dir='ltr'><strong>iu</strong></span> 
     </span>
     <span class='ocr_line' id='line_1_10' title="bbox 224 1336 1245 1445; baseline 0.004 -24"><span class='ocrx_word' id='word_1_64' title='bbox 224 1336 360 1441; x_wconf 85' lang='lat' dir='ltr'><strong>omues,</strong></span> <span class='ocrx_word' id='word_1_65' title='bbox 382 1372 416 1423; x_wconf 93' lang='lat' dir='ltr'><strong>ut</strong></span> <span class='ocrx_word' id='word_1_66' title='bbox 437 1356 519 1445; x_wconf 84' lang='lat' dir='ltr'><strong>nihil</strong></span> <span class='ocrx_word' id='word_1_67' title='bbox 546 1378 702 1444; x_wconf 85' lang='lat' dir='ltr'><strong>umquam</strong></span> <span class='ocrx_word' id='word_1_68' title='bbox 724 1354 826 1421; x_wconf 83' lang='lat' dir='ltr'><strong>abeo</strong></span> <span class='ocrx_word' id='word_1_69' title='bbox 850 1356 975 1423; x_wconf 89' lang='lat' dir='ltr'><strong>dictum</strong></span> <span class='ocrx_word' id='word_1_70' title='bbox 1005 1354 1129 1442; x_wconf 84' lang='lat' dir='ltr'><strong>¹fuerit,</strong></span> <span class='ocrx_word' id='word_1_71' title='bbox 1156 1354 1245 1445; x_wconf 85' lang='lat' dir='ltr'><strong>quutl</strong></span> 
     </span>
     <span class='ocr_line' id='line_1_11' title="bbox 226 1473 1245 1564; baseline 0 -23"><span class='ocrx_word' id='word_1_72' title='bbox 226 1474 319 1563; x_wconf 80' lang='lat' dir='ltr'><strong>alteri</strong></span> <span class='ocrx_word' id='word_1_73' title='bbox 342 1476 495 1559; x_wconf 81' lang='lat' dir='ltr'><strong>obesset3</strong></span> <span class='ocrx_word' id='word_1_74' title='bbox 517 1474 600 1541; x_wconf 87' lang='lat' dir='ltr'><strong>mira</strong></span> <span class='ocrx_word' id='word_1_75' title='bbox 621 1473 778 1541; x_wconf 72' lang='lat' dir='ltr'><strong>sedulitas</strong></span> <span class='ocrx_word' id='word_1_76' title='bbox 798 1490 832 1539; x_wconf 87' lang='lat' dir='ltr'><strong>et</strong></span> <span class='ocrx_word' id='word_1_77' title='bbox 852 1474 1024 1563; x_wconf 83' lang='lat' dir='ltr'><strong>vigilantia</strong></span> <span class='ocrx_word' id='word_1_78' title='bbox 1039 1475 1073 1543; x_wconf 89' lang='lat' dir='ltr'><strong>in</strong></span> <span class='ocrx_word' id='word_1_79' title='bbox 1093 1490 1245 1564; x_wconf 72' lang='lat' dir='ltr'><strong>suscepta</strong></span> 
     </span>
     <span class='ocr_line' id='line_1_12' title="bbox 223 1587 1244 1681; baseline -0.004 -22"><span class='ocrx_word' id='word_1_80' title='bbox 223 1590 450 1681; x_wconf 78' lang='lat' dir='ltr'><strong>procuratione</strong></span> <span class='ocrx_word' id='word_1_81' title='bbox 470 1587 676 1673; x_wconf 82' lang='lat' dir='ltr'><strong>studiorum3</strong></span> <span class='ocrx_word' id='word_1_82' title='bbox 698 1612 789 1655; x_wconf 90' lang='lat' dir='ltr'><strong>amor</strong></span> <span class='ocrx_word' id='word_1_83' title='bbox 809 1603 843 1655; x_wconf 90' lang='lat' dir='ltr'><strong>et</strong></span> <span class='ocrx_word' id='word_1_84' title='bbox 872 1588 1102 1656; x_wconf 80' lang='lat' dir='ltr'>benevolentia</span> <span class='ocrx_word' id='word_1_85' title='bbox 1130 1588 1244 1679; x_wconf 87' lang='lat' dir='ltr'><strong>siugu-</strong></span> 
     </span>
     <span class='ocr_line' id='line_1_13' title="bbox 221 1707 1242 1801; baseline -0.001 -25"><span class='ocrx_word' id='word_1_86' title='bbox 221 1711 299 1801; x_wconf 81' lang='lat' dir='ltr'><strong>laris</strong></span> <span class='ocrx_word' id='word_1_87' title='bbox 321 1710 353 1781; x_wconf 90' lang='lat' dir='ltr'><strong>in</strong></span> <span class='ocrx_word' id='word_1_88' title='bbox 376 1709 545 1789; x_wconf 82' lang='lat' dir='ltr'><strong>alumnos,</strong></span> <span class='ocrx_word' id='word_1_89' title='bbox 566 1724 735 1797; x_wconf 77' lang='lat' dir='ltr'><strong>tamquam</strong></span> <span class='ocrx_word' id='word_1_90' title='bbox 756 1708 893 1778; x_wconf 81' lang='lat' dir='ltr'><strong>clientes</strong></span> <span class='ocrx_word' id='word_1_91' title='bbox 912 1707 977 1776; x_wconf 84' lang='lat' dir='ltr'><strong>sibi</strong></span> <span class='ocrx_word' id='word_1_92' title='bbox 1009 1707 1242 1793; x_wconf 84' lang='lat' dir='ltr'><strong>concreditos,</strong></span> 
     </span>
     <span class='ocr_line' id='line_1_14' title="bbox 223 1821 1243 1913; baseline 0 -24"><span class='ocrx_word' id='word_1_93' title='bbox 223 1826 341 1913; x_wconf 81' lang='lat' dir='ltr'><strong>quibus</strong></span> <span class='ocrx_word' id='word_1_94' title='bbox 363 1846 540 1910; x_wconf 80' lang='lat' dir='ltr'><strong>numquam</strong></span> <span class='ocrx_word' id='word_1_95' title='bbox 563 1821 674 1909; x_wconf 79' lang='lat' dir='ltr'><strong>deerat</strong></span> <span class='ocrx_word' id='word_1_96' title='bbox 696 1822 882 1911; x_wconf 84' lang='lat' dir='ltr'><strong>hortando,</strong></span> <span class='ocrx_word' id='word_1_97' title='bbox 903 1823 1097 1909; x_wconf 86' lang='lat' dir='ltr'><strong>suadendo,</strong></span> <span class='ocrx_word' id='word_1_98' title='bbox 1122 1846 1243 1913; x_wconf 80' lang='lat' dir='ltr'><strong>urgen-</strong></span> 
     </span>
     <span class='ocr_line' id='line_1_15' title="bbox 224 1934 1242 2025; baseline -0.004 -20"><span class='ocrx_word' id='word_1_99' title='bbox 224 1936 288 2023; x_wconf 86' lang='lat' dir='ltr'><strong>do;</strong></span> <span class='ocrx_word' id='word_1_100' title='bbox 308 1938 433 2025; x_wconf 82' lang='lat' dir='ltr'><strong>antiqui</strong></span> <span class='ocrx_word' id='word_1_101' title='bbox 455 1935 555 2003; x_wconf 88' lang='lat' dir='ltr'><strong>moris</strong></span> <span class='ocrx_word' id='word_1_102' title='bbox 575 1952 608 2003; x_wconf 89' lang='lat' dir='ltr'><strong>et</strong></span> <span class='ocrx_word' id='word_1_103' title='bbox 628 1934 754 2025; x_wconf 85' lang='lat' dir='ltr'><strong>patriae</strong></span> <span class='ocrx_word' id='word_1_104' title='bbox 774 1936 973 2025; x_wconf 83' lang='lat' dir='ltr'><strong>disciplinae</strong></span> <span class='ocrx_word' id='word_1_105' title='bbox 1006 1934 1155 2003; x_wconf 87' lang='lat' dir='ltr'><strong>custodia</strong></span> <span class='ocrx_word' id='word_1_106' title='bbox 1190 1956 1242 2001; x_wconf 85' lang='lat' dir='ltr'><strong>se-</strong></span> 
     </span>
     <span class='ocr_line' id='line_1_16' title="bbox 223 2045 1244 2139; baseline -0.002 -23"><span class='ocrx_word' id='word_1_107' title='bbox 223 2050 416 2131; x_wconf 74' lang='lat' dir='ltr'><strong>purissima,</strong></span> <span class='ocrx_word' id='word_1_108' title='bbox 437 2049 602 2131; x_wconf 73' lang='lat' dir='ltr'><strong>conversis</strong></span> <span class='ocrx_word' id='word_1_109' title='bbox 622 2052 708 2116; x_wconf 87' lang='lat' dir='ltr'><strong>curis</strong></span> <span class='ocrx_word' id='word_1_110' title='bbox 727 2050 883 2117; x_wconf 86' lang='lat' dir='ltr'><strong>omuibus</strong></span> <span class='ocrx_word' id='word_1_111' title='bbox 903 2050 945 2118; x_wconf 88' lang='lat' dir='ltr'><strong>ad</strong></span> <span class='ocrx_word' id='word_1_112' title='bbox 964 2049 1029 2117; x_wconf 90' lang='lat' dir='ltr'><strong>loei</strong></span> <span class='ocrx_word' id='word_1_113' title='bbox 1053 2045 1150 2139; x_wconf 80' lang='lat' dir='ltr'><strong>hujus</strong></span> <span class='ocrx_word' id='word_1_114' title='bbox 1179 2046 1244 2134; x_wconf 85' lang='lat' dir='ltr'><strong>uti·</strong></span> 
     </span>
     <span class='ocr_line' id='line_1_17' title="bbox 223 2164 840 2257; baseline 0 -24"><span class='ocrx_word' id='word_1_115' title='bbox 223 2166 354 2257; x_wconf 83' lang='lat' dir='ltr'><strong>litatem</strong></span> <span class='ocrx_word' id='word_1_116' title='bbox 368 2182 473 2255; x_wconf 87' lang='lat' dir='ltr'><strong>atque</strong></span> <span class='ocrx_word' id='word_1_117' title='bbox 493 2169 594 2248; x_wconf 87' lang='lat' dir='ltr'><strong>etium</strong></span> <span class='ocrx_word' id='word_1_118' title='bbox 617 2164 840 2251; x_wconf 83' lang='lat' dir='ltr'><strong>dignitatem.</strong></span> 
     </span>
    </p>

    <p class='ocr_par' dir='ltr' id='par_1_2' title="bbox 216 2278 1263 4001">
     <span class='ocr_line' id='line_1_18' title="bbox 267 2278 1244 2370; baseline 0.002 -19"><span class='ocrx_word' id='word_1_119' title='bbox 267 2288 319 2351; x_wconf 86' lang='lat' dir='ltr'><strong>Ex</strong></span> <span class='ocrx_word' id='word_1_120' title='bbox 341 2284 392 2351; x_wconf 79' lang='lat' dir='ltr'><strong>uis</strong></span> <span class='ocrx_word' id='word_1_121' title='bbox 412 2283 538 2349; x_wconf 85' lang='lat' dir='ltr'><strong>duobus</strong></span> <span class='ocrx_word' id='word_1_122' title='bbox 558 2281 650 2369; x_wconf 85' lang='lat' dir='ltr'><strong>quasi</strong></span> <span class='ocrx_word' id='word_1_123' title='bbox 687 2278 855 2369; x_wconf 79' lang='lat' dir='ltr'><strong>lontibus,</strong></span> <span class='ocrx_word' id='word_1_124' title='bbox 883 2278 1017 2370; x_wconf 89' lang='lat' dir='ltr'><strong>ingenio</strong></span> <span class='ocrx_word' id='word_1_125' title='bbox 1045 2278 1174 2351; x_wconf 87' lang='lat' dir='ltr'><strong>scilieet</strong></span> <span class='ocrx_word' id='word_1_126' title='bbox 1208 2298 1244 2355; x_wconf 87' lang='lat' dir='ltr'><strong>et</strong></span> 
     </span>
     <span class='ocr_line' id='line_1_19' title="bbox 228 2395 1244 2488; baseline 0.002 -22"><span class='ocrx_word' id='word_1_127' title='bbox 228 2399 365 2488; x_wconf 77' lang='lat' dir='ltr'><strong>pirrum,</strong></span> <span class='ocrx_word' id='word_1_128' title='bbox 394 2415 511 2487; x_wconf 87' lang='lat' dir='ltr'><strong>sponte</strong></span> <span class='ocrx_word' id='word_1_129' title='bbox 532 2395 712 2487; x_wconf 84' lang='lat' dir='ltr'><strong>profluebat</strong></span> <span class='ocrx_word' id='word_1_130' title='bbox 738 2411 772 2481; x_wconf 84' lang='lat' dir='ltr'><strong>et</strong></span> <span class='ocrx_word' id='word_1_131' title='bbox 794 2396 961 2484; x_wconf 86' lang='lat' dir='ltr'><strong>uberrime</strong></span> <span class='ocrx_word' id='word_1_132' title='bbox 989 2396 1146 2483; x_wconf 81' lang='lat' dir='ltr'><strong>manabat</strong></span> <span class='ocrx_word' id='word_1_133' title='bbox 1178 2421 1244 2479; x_wconf 51' lang='lat' dir='ltr'><strong>serf</strong></span> 
     </span>
     <span class='ocr_line' id='line_1_20' title="bbox 221 2513 1241 2611; baseline 0.001 -27"><span class='ocrx_word' id='word_1_134' title='bbox 221 2519 355 2609; x_wconf 77' lang='lat' dir='ltr'><strong>moilla</strong></span> <span class='ocrx_word' id='word_1_135' title='bbox 377 2520 552 2611; x_wconf 77' lang='lat' dir='ltr'><strong>ingenuus,</strong></span> <span class='ocrx_word' id='word_1_136' title='bbox 574 2538 673 2609; x_wconf 82' lang='lat' dir='ltr'><strong>quem</strong></span> <span class='ocrx_word' id='word_1_137' title='bbox 703 2516 887 2611; x_wconf 89' lang='lat' dir='ltr'><strong>integrum,</strong></span> <span class='ocrx_word' id='word_1_138' title='bbox 920 2513 1080 2601; x_wconf 83' lang='lat' dir='ltr'><strong>facilem,</strong></span> <span class='ocrx_word' id='word_1_139' title='bbox 1111 2517 1241 2611; x_wconf 83' lang='lat' dir='ltr'><strong>perspi·</strong></span> 
     </span>
     <span class='ocr_line' id='line_1_21' title="bbox 220 2635 1240 2729; baseline 0 -24"><span class='ocrx_word' id='word_1_140' title='bbox 220 2660 335 2723; x_wconf 80' lang='lat' dir='ltr'><strong>euum,</strong></span> <span class='ocrx_word' id='word_1_141' title='bbox 355 2636 542 2725; x_wconf 82' lang='lat' dir='ltr'><strong>simplicem</strong></span> <span class='ocrx_word' id='word_1_142' title='bbox 562 2636 714 2726; x_wconf 89' lang='lat' dir='ltr'><strong>appello,</strong></span> <span class='ocrx_word' id='word_1_143' title='bbox 736 2660 799 2728; x_wconf 89' lang='lat' dir='ltr'><strong>quo</strong></span> <span class='ocrx_word' id='word_1_144' title='bbox 820 2636 891 2729; x_wconf 91' lang='lat' dir='ltr'><strong>ipse</strong></span> <span class='ocrx_word' id='word_1_145' title='bbox 912 2635 1040 2705; x_wconf 80' lang='lat' dir='ltr'><strong>solebat</strong></span> <span class='ocrx_word' id='word_1_146' title='bbox 1063 2635 1240 2726; x_wconf 84' lang='lat' dir='ltr'><strong>quotannis</strong></span> 
     </span>
     <span class='ocr_line' id='line_1_22' title="bbox 217 2754 1239 2847; baseline -0.003 -24"><span class='ocrx_word' id='word_1_147' title='bbox 217 2755 350 2845; x_wconf 87' lang='lat' dir='ltr'><strong>publice</strong></span> <span class='ocrx_word' id='word_1_148' title='bbox 369 2756 488 2843; x_wconf 79' lang='lat' dir='ltr'><strong>studiis</strong></span> <span class='ocrx_word' id='word_1_149' title='bbox 510 2754 631 2823; x_wconf 76' lang='lat' dir='ltr'><strong>nostris</strong></span> <span class='ocrx_word' id='word_1_150' title='bbox 651 2754 845 2847; x_wconf 84' lang='lat' dir='ltr'>proludere,</span> <span class='ocrx_word' id='word_1_151' title='bbox 865 2772 898 2828; x_wconf 88' lang='lat' dir='ltr'><strong>et</strong></span> <span class='ocrx_word' id='word_1_152' title='bbox 919 2754 960 2825; x_wconf 87' lang='lat' dir='ltr'><strong>ad</strong></span> <span class='ocrx_word' id='word_1_153' title='bbox 981 2780 1127 2825; x_wconf 89' lang='lat' dir='ltr'><strong>amorem</strong></span> <span class='ocrx_word' id='word_1_154' title='bbox 1146 2756 1239 2823; x_wconf 71' lang='lat' dir='ltr'><strong>litte-</strong></span> 
     </span>
     <span class='ocr_line' id='line_1_23' title="bbox 219 2867 1263 2965; baseline -0.001 -26"><span class='ocrx_word' id='word_1_155' title='bbox 219 2894 329 2965; x_wconf 73' lang='lat' dir='ltr'><strong>rarum</strong></span> <span class='ocrx_word' id='word_1_156' title='bbox 346 2869 502 2964; x_wconf 82' lang='lat' dir='ltr'><strong>juvenum</strong></span> <span class='ocrx_word' id='word_1_157' title='bbox 523 2869 651 2959; x_wconf 86' lang='lat' dir='ltr'><strong>animos</strong></span> <span class='ocrx_word' id='word_1_158' title='bbox 663 2870 875 2957; x_wconf 81' lang='lat' dir='ltr'><strong>vehementer</strong></span> <span class='ocrx_word' id='word_1_159' title='bbox 887 2869 1110 2954; x_wconf 72' lang='lat' dir='ltr'><strong>inflammare,</strong></span> <span class='ocrx_word' id='word_1_160' title='bbox 1129 2867 1263 2957; x_wconf 76' lang='lat' dir='ltr'><strong>Quam&#39;</strong></span> 
     </span>
     <span class='ocr_line' id='line_1_24' title="bbox 218 2981 1240 3081; baseline -0.001 -29"><span class='ocrx_word' id='word_1_161' title='bbox 218 3002 252 3073; x_wconf 74' lang='lat' dir='ltr'><strong>ta</strong></span> <span class='ocrx_word' id='word_1_162' title='bbox 286 2985 321 3075; x_wconf 84' lang='lat' dir='ltr'><strong>in</strong></span> <span class='ocrx_word' id='word_1_163' title='bbox 353 2983 471 3081; x_wconf 88' lang='lat' dir='ltr'><strong>primis</strong></span> <span class='ocrx_word' id='word_1_164' title='bbox 502 2981 573 3080; x_wconf 84' lang='lat' dir='ltr'><strong>ejus</strong></span> <span class='ocrx_word' id='word_1_165' title='bbox 602 2982 763 3053; x_wconf 86' lang='lat' dir='ltr'><strong>sermonis</strong></span> <span class='ocrx_word' id='word_1_166' title='bbox 790 2982 987 3074; x_wconf 77' lang='lat' dir='ltr'><strong>integritas,</strong></span> <span class='ocrx_word' id='word_1_167' title='bbox 1020 3008 1105 3073; x_wconf 83' lang='lat' dir='ltr'><strong>quae.</strong></span> <span class='ocrx_word' id='word_1_168' title='bbox 1131 2984 1240 3072; x_wconf 77' lang='lat' dir='ltr'><strong>prima</strong></span> 
     </span>
     <span class='ocr_line' id='line_1_25' title="bbox 216 3094 1239 3192; baseline 0.003 -27"><span class='ocrx_word' id='word_1_169' title='bbox 216 3097 288 3192; x_wconf 83' lang='lat' dir='ltr'><strong>laus</strong></span> <span class='ocrx_word' id='word_1_170' title='bbox 308 3114 359 3167; x_wconf 88' lang='lat' dir='ltr'><strong>est</strong></span> <span class='ocrx_word' id='word_1_171' title='bbox 393 3121 430 3188; x_wconf 88' lang='lat' dir='ltr'><strong>ac</strong></span> <span class='ocrx_word' id='word_1_172' title='bbox 464 3096 568 3167; x_wconf 88' lang='lat' dir='ltr'><strong>virtus</strong></span> <span class='ocrx_word' id='word_1_173' title='bbox 603 3098 765 3189; x_wconf 83' lang='lat' dir='ltr'><strong>ingenuae</strong></span> <span class='ocrx_word' id='word_1_174' title='bbox 793 3094 988 3184; x_wconf 66' lang='lat' dir='ltr'><strong>facundiae!</strong></span> <span class='ocrx_word' id='word_1_175' title='bbox 1011 3101 1058 3168; x_wconf 88' lang='lat' dir='ltr'><strong>Ut</strong></span> <span class='ocrx_word' id='word_1_176' title='bbox 1088 3098 1178 3167; x_wconf 87' lang='lat' dir='ltr'><strong>enim</strong></span> <span class='ocrx_word' id='word_1_177' title='bbox 1197 3120 1239 3169; x_wconf 77' lang='lat' dir='ltr'><strong>et</strong></span> 
     </span>
     <span class='ocr_line' id='line_1_26' title="bbox 217 3214 1239 3309; baseline 0.004 -28"><span class='ocrx_word' id='word_1_178' title='bbox 217 3214 506 3305; x_wconf 88' lang='lat' dir='ltr'><strong>praetermittam,</strong></span> <span class='ocrx_word' id='word_1_179' title='bbox 525 3236 608 3308; x_wconf 87' lang='lat' dir='ltr'><strong>quae</strong></span> <span class='ocrx_word' id='word_1_180' title='bbox 632 3230 760 3306; x_wconf 86' lang='lat' dir='ltr'><strong>tautum</strong></span> <span class='ocrx_word' id='word_1_181' title='bbox 782 3216 933 3307; x_wconf 82' lang='lat' dir='ltr'><strong>scripsit,</strong></span> <span class='ocrx_word' id='word_1_182' title='bbox 954 3240 1020 3285; x_wconf 87' lang='lat' dir='ltr'><strong>non</strong></span> <span class='ocrx_word' id='word_1_183' title='bbox 1039 3214 1171 3309; x_wconf 86' lang='lat' dir='ltr'><strong>publice</strong></span> <span class='ocrx_word' id='word_1_184' title='bbox 1190 3240 1239 3285; x_wconf 88' lang='lat' dir='ltr'><strong>re·</strong></span> 
     </span>
     <span class='ocr_line' id='line_1_27' title="bbox 218 3312 1237 3423; baseline 0.004 -26"><span class='ocrx_word' id='word_1_185' title='bbox 218 3327 352 3412; x_wconf 83' lang='lat' dir='ltr'><strong>citavit,</strong></span> <span class='ocrx_word' id='word_1_186' title='bbox 369 3328 489 3399; x_wconf 81' lang='lat' dir='ltr'><strong>latinus</strong></span> <span class='ocrx_word' id='word_1_187' title='bbox 520 3312 713 3417; x_wconf 84' lang='lat' dir='ltr'><strong>orationes,</strong></span> <span class='ocrx_word' id='word_1_188' title='bbox 750 3330 870 3421; x_wconf 89' lang='lat' dir='ltr'><strong>quibus</strong></span> <span class='ocrx_word' id='word_1_189' title='bbox 908 3312 1064 3421; x_wconf 84' lang='lat' dir='ltr'><strong>augustae</strong></span> <span class='ocrx_word' id='word_1_190' title='bbox 1084 3330 1237 3423; x_wconf 79' lang='lat' dir='ltr'><strong>Virginis</strong></span> 
     </span>
     <span class='ocr_line' id='line_1_28' title="bbox 216 3441 1237 3535; baseline -0.001 -22"><span class='ocrx_word' id='word_1_191' title='bbox 216 3441 283 3513; x_wconf 89' lang='lat' dir='ltr'><strong>Dei</strong></span> <span class='ocrx_word' id='word_1_192' title='bbox 316 3441 431 3535; x_wconf 83' lang='lat' dir='ltr'><strong>matris</strong></span> <span class='ocrx_word' id='word_1_193' title='bbox 466 3443 660 3535; x_wconf 86' lang='lat' dir='ltr'><strong>dignitatem</strong></span> <span class='ocrx_word' id='word_1_194' title='bbox 693 3446 825 3515; x_wconf 77' lang='lat' dir='ltr'><strong>extollit</strong></span> <span class='ocrx_word' id='word_1_195' title='bbox 852 3499 862 3535; x_wconf 87' lang='lat'>‚</span> <span class='ocrx_word' id='word_1_196' title='bbox 897 3462 933 3517; x_wconf 90' lang='lat' dir='ltr'><strong>et</strong></span> <span class='ocrx_word' id='word_1_197' title='bbox 960 3446 1055 3515; x_wconf 90' lang='lat' dir='ltr'><strong>illam</strong></span> <span class='ocrx_word' id='word_1_198' title='bbox 1087 3444 1129 3513; x_wconf 91' lang='lat' dir='ltr'><strong>de</strong></span> <span class='ocrx_word' id='word_1_199' title='bbox 1156 3443 1237 3513; x_wconf 84' lang='lat' dir='ltr'><strong>diro</strong></span> 
     </span>
     <span class='ocr_line' id='line_1_29' title="bbox 218 3555 1234 3651; baseline 0.006 -28"><span class='ocrx_word' id='word_1_200' title='bbox 218 3555 345 3651; x_wconf 72' lang='lat' dir='ltr'><strong>Joanne</strong></span> <span class='ocrx_word' id='word_1_201' title='bbox 363 3556 513 3647; x_wconf 85' lang='lat' dir='ltr'><strong>Baptista</strong></span> <span class='ocrx_word' id='word_1_202' title='bbox 524 3557 637 3651; x_wconf 83' lang='lat' dir='ltr'><strong>,eujus</strong></span> <span class='ocrx_word' id='word_1_203' title='bbox 657 3559 790 3627; x_wconf 90' lang='lat' dir='ltr'><strong>nomine</strong></span> <span class='ocrx_word' id='word_1_204' title='bbox 812 3574 945 3628; x_wconf 85' lang='lat' dir='ltr'><strong>ornatus</strong></span> <span class='ocrx_word' id='word_1_205' title='bbox 963 3559 1110 3629; x_wconf 84' lang='lat' dir='ltr'><strong>moribus</strong></span> <span class='ocrx_word' id='word_1_206' title='bbox 1129 3558 1234 3629; x_wconf 87' lang='lat' dir='ltr'><strong>etiam</strong></span> 
     </span>
     <span class='ocr_line' id='line_1_30' title="bbox 217 3669 1236 3768; baseline 0.002 -30"><span class='ocrx_word' id='word_1_207' title='bbox 217 3669 343 3755; x_wconf 81' lang='lat' dir='ltr'><strong>studuit</strong></span> <span class='ocrx_word' id='word_1_208' title='bbox 367 3670 515 3741; x_wconf 85' lang='lat' dir='ltr'><strong>exornari</strong></span> <span class='ocrx_word' id='word_1_209' title='bbox 526 3698 537 3761; x_wconf 88' lang='lat'>;</span> <span class='ocrx_word' id='word_1_210' title='bbox 558 3671 640 3741; x_wconf 87' lang='lat' dir='ltr'><strong>alias</strong></span> <span class='ocrx_word' id='word_1_211' title='bbox 660 3671 694 3741; x_wconf 89' lang='lat' dir='ltr'><strong>iu</strong></span> <span class='ocrx_word' id='word_1_212' title='bbox 714 3672 847 3743; x_wconf 87' lang='lat' dir='ltr'><strong>laudern</strong></span> <span class='ocrx_word' id='word_1_213' title='bbox 867 3672 987 3768; x_wconf 77' lang='lat' dir='ltr'><strong>ellasar</strong></span> <span class='ocrx_word' id='word_1_214' title='bbox 1007 3673 1069 3742; x_wconf 91' lang='lat' dir='ltr'><strong>viri</strong></span> <span class='ocrx_word' id='word_1_215' title='bbox 1087 3674 1236 3763; x_wconf 87' lang='lat' dir='ltr'><strong>integer·</strong></span> 
     </span>
     <span class='ocr_line' id='line_1_31' title="bbox 216 3784 1234 3882; baseline 0.001 -23"><span class='ocrx_word' id='word_1_216' title='bbox 216 3784 295 3860; x_wconf 78' lang='lat' dir='ltr'><strong>rimi</strong></span> <span class='ocrx_word' id='word_1_217' title='bbox 323 3810 361 3855; x_wconf 87' lang='lat' dir='ltr'><strong>ae</strong></span> <span class='ocrx_word' id='word_1_218' title='bbox 383 3788 534 3859; x_wconf 82' lang='lat' dir='ltr'><strong>caelestis</strong></span> <span class='ocrx_word' id='word_1_219' title='bbox 568 3788 636 3859; x_wconf 89' lang='lat' dir='ltr'><strong>divi</strong></span> <span class='ocrx_word' id='word_1_220' title='bbox 663 3788 811 3881; x_wconf 88' lang='lat' dir='ltr'><strong>Philippi</strong></span> <span class='ocrx_word' id='word_1_221' title='bbox 833 3791 948 3877; x_wconf 89' lang='lat' dir='ltr'><strong>Nerii,</strong></span> <span class='ocrx_word' id='word_1_222' title='bbox 968 3814 1049 3882; x_wconf 84' lang='lat' dir='ltr'><strong>quas</strong></span> <span class='ocrx_word' id='word_1_223' title='bbox 1066 3788 1156 3859; x_wconf 88' lang='lat' dir='ltr'><strong>haud</strong></span> <span class='ocrx_word' id='word_1_224' title='bbox 1182 3788 1234 3860; x_wconf 82' lang='lat' dir='ltr'><strong>sa·</strong></span> 
     </span>
     <span class='ocr_line' id='line_1_32' title="bbox 216 3903 1239 4001; baseline -0.001 -22"><span class='ocrx_word' id='word_1_225' title='bbox 216 3904 279 4001; x_wconf 68' lang='lat' dir='ltr'><strong>pile</strong></span> <span class='ocrx_word' id='word_1_226' title='bbox 299 3903 462 3995; x_wconf 82' lang='lat' dir='ltr'><strong>dixerim,</strong></span> <span class='ocrx_word' id='word_1_227' title='bbox 479 3929 557 3979; x_wconf 87' lang='lat' dir='ltr'><strong>uum</strong></span> <span class='ocrx_word' id='word_1_228' title='bbox 577 3906 684 4001; x_wconf 87' lang='lat' dir='ltr'><strong>magis</strong></span> <span class='ocrx_word' id='word_1_229' title='bbox 702 3907 830 4000; x_wconf 87' lang='lat' dir='ltr'><strong>ingenii</strong></span> <span class='ocrx_word' id='word_1_230' title='bbox 849 3906 901 3976; x_wconf 78' lang='lat' dir='ltr'><strong>n’s</strong></span> <span class='ocrx_word' id='word_1_231' title='bbox 911 3961 923 3998; x_wconf 91' lang='lat'><strong>,</strong></span> <span class='ocrx_word' id='word_1_232' title='bbox 954 3933 997 3981; x_wconf 87' lang='lat' dir='ltr'><strong>an</strong></span> <span class='ocrx_word' id='word_1_233' title='bbox 1024 3906 1171 3981; x_wconf 81' lang='lat' dir='ltr'><strong>caritatis</strong></span> <span class='ocrx_word' id='word_1_234' title='bbox 1197 3924 1239 4001; x_wconf 63' lang='lat' dir='ltr'><strong>et</strong></span> 
     </span>
    </p>
   </div>
   <div class='ocr_carea' id='block_1_2' title="bbox 0 0 1634 4959">
    <p class='ocr_par' dir='ltr' id='par_1_3' title="bbox 0 0 1634 4959">
     <span class='ocr_line' id='line_1_33' title="bbox 0 0 1634 4959; baseline 0 5"><span class='ocrx_word' id='word_1_235' title='bbox 0 0 1634 4959; x_wconf 95' lang='lat' dir='ltr'><strong> </strong></span> 
     </span>
    </p>
   </div>
  </div>
 </body>
</html>
