3259 4959
437 314 509 406 418
898 327 983 385 vm

437 447 520 532 luit,
538 447 597 518 secl
616 444 819 518 amatoribus
838 443 940 514 etium
959 441 1117 514 omnibus
1134 443 1298 518 bonarum
1317 447 1476 527 artium.

482 565 578 632 Anno
598 553 710 652 itaque
728 577 844 630 octavo
863 561 985 630 saeculi
1006 559 1184 651 superioris
1199 577 1234 630 et
1247 564 1476 654 octogesimo
1582 590 1583 627 1

437 675 544 750 edidit
558 675 764 746 Psalmorum
780 673 902 744 librom
911 727 923 760 ,
936 698 1016 766 quos
1032 673 1068 743 in
1087 673 1204 744 italam
1219 673 1374 768 linguam
1395 701 1478 748 ver·

437 805 545 876 terat,
572 789 712 880 singulis
739 791 921 880 praemisso
950 788 1045 860 titulo
1074 788 1206 858 illorum
1235 794 1372 883 proprio
1385 847 1401 879 ,
1431 811 1475 864 et

435 909 564 1000 analysi
575 962 586 996 ,
605 909 727 980 additis
746 909 869 995 etiam,
890 908 947 979 ubi
966 932 1048 998 opus
1076 907 1154 996 luit,
1183 912 1469 984 annotationibus

366 1075 368 1082 ·
437 1027 478 1117 ad
499 1025 680 1116 pleniorem
701 1041 735 1094 et
753 1022 935 1094 faciliorem
963 1023 1110 1113 ipsorum
1137 1023 1312 1094 notitiam.
1337 1027 1382 1094 ln
1406 1026 1467 1098 his

436 1143 640 1236 exponendis
659 1139 772 1214 soluta
799 1142 946 1211 numeris
974 1143 1121 1212 oratione
1149 1167 1225 1211 usus
1248 1159 1320 1229 est,
1339 1167 1386 1215 ne
1407 1146 1469 1214 in-

437 1253 593 1351 fringeret
613 1256 744 1326 illorum
765 1254 856 1341 rim,
876 1267 959 1326 neue
978 1257 1058 1347 quid
1078 1257 1120 1326 de
1140 1257 1314 1353 majestate
1343 1260 1468 1334 detra.

437 1371 550 1442 beret.
570 1370 834 1464 Elegantioribue
855 1371 963 1441 verbis
982 1371 1160 1461 praetulit,
1179 1397 1263 1462 quae
1283 1397 1355 1444 reru
1376 1377 1468 1447 vivi.

436 1489 510 1572 (lius
530 1487 753 1578 exprimerent
771 1505 810 1554 ac
829 1484 961 1572 lortius,
976 1485 1018 1555 ab
1037 1485 1080 1554 iis
1100 1484 1294 1576 abhorrens,
1306 1484 1465 1579 quisunt

436 1605 471 1672 in
508 1605 589 1676 stilo
616 1604 827 1676 delicatioris
849 1602 1020 1695 fastidii.
1048 1599 1190 1676 Putabat
1225 1630 1298 1676 esse
1324 1609 1464 1678 seilicet

440 1723 518 1794 boni
549 1723 673 1816 ingenii
695 1725 708 1812 (
728 1725 812 1814 quod
843 1743 1016 1794 monemur
1044 1724 1087 1795 ab
1115 1725 1302 1816 Augustino
1319 1727 1404 1818 (1))
1428 1727 1465 1796 in

435 1838 543 1924 cerdis
570 1861 681 1912 rernm
707 1857 843 1926 otrtare,
870 1867 938 1910 non
966 1841 1084 1912 verba.
1115 1839 1202 1912 Hinc
1222 1843 1337 1935 ingens
1355 1846 1461 1935 copia

439 1979 568 2040 rerum,
588 1954 791 2046 imaginum,
818 1955 1046 2044 exemplorum
1073 1956 1220 2046 suppetit
1246 1957 1464 2047 eloquentiae

397 2063 401 2074 '
442 2091 553 2146 sacrae
573 2069 728 2138 studiosis
734 2121 745 2156 ,
761 2093 842 2160 quos
858 2089 935 2159 prae
954 2068 1073 2137 ceteris
1090 2093 1127 2138 se
1146 2069 1181 2136 in
1201 2070 1304 2140 oeulis
1320 2070 1465 2142 habuis-

435 2209 492 2272 se,
512 2211 587 2256 cum
616 2182 696 2256 haec
724 2186 904 2272 scriberet,
933 2200 1069 2255 testatur
1096 2186 1168 2278 ipse
1192 2187 1227 2256 in
1251 2187 1392 2277 epistola
1416 2191 1463 2259 od

434 2300 638 2372 Fridorioum
658 2301 803 2370 Mariam
819 2300 1042 2371 Joannellium
1058 2318 1212 2371 venetum
1227 2302 1458 2394 patriarcham

435 2419 739 2509 spectatissimum,
758 2419 851 2514 cujus
869 2420 1004 2490 nornine
1022 2445 1116 2491 suarn
1135 2421 1221 2490 hano
1239 2422 1453 2493 Psalmorum

432 2539 617 2608 versionem
636 2554 746 2607 ornat.
767 2538 992 2628 Quadriennio
1007 2539 1269 2630 poet(or‹linem
1288 2539 1380 2611 enim
1401 2563 1457 2608 re·

436 2679 510 2726 rum
530 2673 639 2726 tenere
660 2658 767 2741 malo,
784 2681 884 2748 quam
905 2659 1114 2748 temporum)
1133 2659 1251 2728 eodem
1274 2657 1329 2748 pio
1352 2683 1459 2728 sensu

437 2774 551 2846 ductus
574 2761 708 2868 protulit
727 2776 808 2846 italo
827 2800 978 2848 sermone
997 2777 1183 2869 expositum
1203 2776 1392 2848 Salomonis
1411 2778 1461 2846 li-

430 2889 551 2976 brom,
570 2892 627 2984 qui
646 2892 836 2963 inscribitur
858 2891 1097 2978 ecclesiastes,
1116 2891 1256 2962 cuilibet
1275 2891 1457 2962 hominnm

435 3010 612 3078 conditioni
634 3012 730 3082 toldc
750 3027 990 3103 opportunum.
1009 3011 1165 3082 Continet
1183 3011 1273 3081 enim
1291 3010 1346 3080 hio
1366 3013 1460 3083 mul·

436 3143 469 3196 ta
489 3127 597 3226 cipilis
618 3131 810 3218 prudentiae
839 3128 967 3200 semina
987 3149 1021 3200 et
1039 3124 1214 3223 praecepio
1242 3128 1387 3200 moribus
1414 3155 1460 3201 ae

437 3247 525 3318 vitae
552 3246 667 3316 utilia.
693 3251 781 3320 Usus
808 3252 925 3320 eedem
953 3276 992 3320 uo
1020 3262 1117 3322 anteo
1144 3250 1301 3322 methodo
1326 3273 1460 3322 unum-

438 3363 589 3454 quodque
616 3363 712 3456 hujus
741 3382 842 3456 ,caput
871 3365 1029 3456 peculiari
1062 3383 1254 3458 argumento
1283 3365 1456 3452 illustrat,

430 3479 647 3573 paraphrasi,
673 3482 826 3572 onolyst',
853 3484 1157 3556 observationibus.
1186 3485 1246 3556 Ait
1270 3509 1327 3568 sc,
1351 3482 1463 3552 adbi-

432 3595 514 3670 bitis
533 3599 568 3670 in
586 3603 759 3675 eonsilium
782 3603 1038 3696 sapientissimis
1062 3603 1206 3691 criticis,
1230 3621 1265 3674 et
1289 3601 1462 3675 versioni·

778 3851 1108 3880 ἪΜΜἊΛἈΛἊΜἊΜ

475 4033 525 4116 (r)
546 4033 613 4098 Lm.
635 4055 664 4100 a.
684 4033 720 4098 tle
742 4032 872 4098 doctrina
888 4035 1041 4099 eluistiaua
1061 4055 1087 4098 o.
1111 4033 1157 4096 rb.
