3259 4959
684 572 854 656 VITA.

393 801 650 931 uiuunt
685 787 1146 930 BEtLounant

304 1558 475 1708 Nollem
494 1633 579 1706 mihi
599 1633 745 1725 aliquam
764 1653 957 1702 ruaoaneere
985 1613 1169 1704 recensenti
1192 1638 1279 1718 inter

260 1749 410 1846 patavini
435 1748 613 1820 seminarii
642 1749 728 1817 viros
752 1747 897 1823 illustres
925 1747 1084 1820 Jacobum
1113 1749 1282 1840 Bellogra,

257 1867 341 1946 dum
368 1864 475 1944 virum
509 1865 761 1952 doctissimum
789 1864 926 1953 perinde
954 1889 993 1936 ac
1012 1865 1041 1934 si
1066 1865 1167 1938 velim
1198 1868 1282 1940 atior

258 1986 329 2064 auio
347 1984 548 2066 ornamentis
567 1984 733 2075 spoliare,
753 2005 814 2052 neo
834 1983 988 2060 ementiri
1008 1983 1157 2056 dubitem
1178 1988 1213 2053 in
1232 1986 1283 2054 hi-

256 2101 361 2178 storia
380 2100 422 2172 ad
441 2098 591 2190 ejusdem
610 2095 789 2175 seminarii
805 2096 904 2164 decus
925 2098 1128 2183 augendum.
1145 2103 1197 2168 Ex
1215 2121 1283 2168 mu-

258 2212 428 2294 pumentio
446 2212 538 2292 enini
557 2206 749 2288 domestipio
767 2221 857 2287 corto
885 2223 1032 2293 constat,
1058 2209 1144 2290 inter
1174 2212 1284 2288 Semi-

261 2328 348 2401 narii
366 2323 464 2420 hujus
483 2325 645 2392 Alumnoo
663 2321 858 2391 sexennium
878 2322 974 2390 illum
993 2321 1116 2394 fluisse.
1137 2328 1201 2402 Hic
1221 2328 1285 2397 cle-

261 2442 404 2516 ricorum
434 2442 541 2507 more¹
563 2435 733 2516 inotitutuo
764 2437 931 2528 quoddam
960 2436 1061 2508 veluti
1094 2438 1283 2512 tirocinium

261 2557 372 2662 posuit
400 2557 491 2638 illius
518 2553 712 2640 doctrinae,
731 2576 816 2655 quae
835 2553 1010 2644 insigniter
1027 2571 1141 2644 postea
1160 2555 1283 2638 prurit.

262 2675 425 2752 Omnium
445 2691 556 2759 autem
575 2697 770 2765 magnarum
791 2673 936 2759 artium,
956 2673 1042 2746 sicut
1060 2673 1212 2758 arborum
1232 2675 1283 2746 al-

263 2786 442 2869 titudinem
472 2785 691 2878 suapicimua,
718 2786 845 2864 radices
876 2788 1059 2879 stirpesque
1087 2813 1151 2860 non
1181 2789 1284 2875 item:

260 2900 322 2978 aad
342 2923 414 2970 eoae
428 2901 488 2980 illa
506 2902 579 2974 sine
598 2900 653 2977 hio
669 2922 734 2968 non
754 2915 863 2991 puteat
877 2951 885 2968 .
897 2902 974 2980 Jam
994 2923 1069 2970 vero
1089 2901 1118 2972 ia
1138 2901 1174 2984 iu
1193 2916 1283 2992 pata-

262 3016 340 3094 vino
357 3017 563 3103 seminario,
582 3033 618 3086 ut
637 3017 731 3101 dixi,
753 3017 943 3101 inchoavit,
959 3017 1047 3108 quod
1062 3018 1097 3086 in
1116 3016 1283 3090 societate

261 3131 342 3200 Jeou
360 3129 515 3222 perfecit.
533 3131 572 3202 ld
591 3128 766 3223 apparebit
783 3129 904 3201 clarius
922 3153 964 3205 ex
982 3131 1054 3232 ejus
1074 3130 1163 3216 vita,
1182 3155 1283 3234 quam

260 3247 390 3318 ordior.
1265 3267 1268 3274 ’

309 3365 452 3436 Jacobuo
481 3369 693 3460 Bellogradus
711 3391 755 3440 ex
781 3370 927 3441 utinensi
955 3367 1083 3442 familia
1106 3367 1282 3440 nobilitate

263 3497 299 3554 et
317 3484 513 3579 antiquitate
533 3506 719 3590 praestante
747 3506 836 3566 ortuo
864 3505 914 3568 est
933 3491 1021 3568 XVI
1039 3487 1111 3568 Cal.
1141 3474 1286 3558 Decani-¹

264 3595 431 3676 britann.
468 3598 552 3698 1704
574 3601 778 3691 Hieronymo
802 3619 837 3674 et
863 3583 1066 3694 Magdalena
1094 3599 1285 3698 parentibus,

266 3715 309 3786 de
337 3717 569 3808 Bellogradio.
597 3721 684 3794 Tam
712 3719 808 3790 multi
838 3743 881 3790 ex
909 3719 1025 3790 eadem
1045 3737 1141 3814 gente
1161 3720 1281 3790 litteris

266 3831 427 3918 floruere,
455 3848 492 3900 ut
515 3831 602 3905 inter
629 3859 686 3903 eos
705 3834 798 3926 quasi
819 3831 962 3926 quodam
990 3831 1188 3908 hereditario
1216 3829 1287 3925 jure

265 3949 418 4037 ,videatur
435 3969 615 4046 propagata
635 3953 806 4030 doctrina.
830 3957 921 4028 Inter
948 3953 1009 4032 hoa
1024 3951 1200 4030 'enimvero
1225 3948 1292 4046 hta
