3259 4959
586 393 883 449 rornmsourvrs
1173 375 1244 473 ²49

222 516 316 594 deret
331 517 426 592 vultu
444 515 550 588 tristi.
565 516 712 590 Veritati
730 540 831 609 quum
850 514 908 609 qni
927 513 1074 586 maxime
1091 511 1243 587 addictus

223 653 315 727 erat3
330 652 366 707 at
384 655 450 705 non
467 627 664 726 propterca,
680 631 709 701 si
721 651 822 723 quarn
837 627 1028 723 opinionem
1043 627 1153 699 minus
1164 651 1242 722 pro-

221 749 336 837 baret,
355 749 509 821 camdem
529 745 753 817 insectabatur
770 741 940 815 acerbius.
953 745 992 812 In
1010 741 1053 812 iis
1069 763 1145 812 vero
1156 763 1243 834 quac

221 859 323 932 dubia
346 873 427 933 sunt·
441 875 476 931 st
493 867 721 945 controversa,
750 854 889 951 putabat
915 877 987 926 esse
1010 853 1240 926 delicatissimi

221 979 328 1050 animi
346 1003 403 1051 eos
422 1001 521 1072 aegre
539 976 624 1050 fem
641 976 709 1070 -qui
738 993 853 1048 conus
880 975 1065 1047 sentirent.
1089 972 1241 1045 Aliorum

218 1089 423 1163 afficiebatur
441 1091 607 1162 miseriis.
625 1090 761 1162 Praesto
778 1105 850 1160 erat
869 1089 1046 1186 omnibus,
1064 1087 1242 1182 praecipue

221 1207 379 1300 advenis,
407 1209 473 1304 qui,
492 1207 699 1280 contulerant
724 1231 763 1278 se
784 1207 949 1294 Parisios,
967 1208 1155 1308 iisdemque
1180 1231 1244 1302 op-

218 1345 359 1420 portuna
385 1327 524 1399 consilia
542 1325 758 1420 impertiens,
782 1325 878 1398 Italis
897 1324 1047 1400 omnium
1072 1325 1240 1402 maxime.

220 1441 427 1512 Versabatur
442 1441 610 1514 eumin
627 1436 832 1510 bibliotheca
851 1436 1047 1508 assiduitate
1066 1459 1172 1527 paene
1189 1437 1241 1508 in-

221 1553 397 1641 credibili,
412 1554 454 1625 ed
473 1576 547 1624 eam
565 1545 962 1650 conrenientibur‘doctis
981 1551 1083 1641 viris,
1096 1569 1132 1625 et
1147 1552 1239 1624 cirili

218 1673 394 1765 pmdcutia
414 1673 593 1768 praeditis,
621 1672 694 1769 ejus
721 1667 949 1760 humanitate,
968 1671 1188 1761 crediderim,
1204 1689 1240 1746 et

216 1792 402 1865 eruditione
419 1794 588 1886 pellectis.
858 1785 862 1792 ’

270 1913 316 1982 At
342 1910 456 2006 rigens
483 1912 596 1984 auimo
625 1911 801 1984 deficiebat
826 1909 953 1984 sensim
980 1933 1139 2004 corpore.
1158 1911 1239 1983 Erat

221 2025 378 2100 nimirum
398 2029 585 2102 valetudine
604 2028 734 2125 jamdiu
752 2028 872 2100 aflecta
881 2081 891 2114 ‚
907 2045 941 2098 ct
958 2026 1240 2122 haccritiobatur

219 2142 368 2234 quotidie
387 2144 494 2234 magis
512 2166 556 2214 ex
573 2141 794 2212 incommodis
815 2141 981 2242 litteratae
999 2141 1089 2236 ritae
1105 2157 1138 2211 et
1167 2165 1238 2212 um-

217 2253 367 2327 bratilis.
386 2260 475 2328 'l’um
493 2273 608 2348 pectus
632 2256 784 2328 laborare
801 2257 913 2349 coepit
931 2279 974 2328 ex
990 2281 1074 2350 aqua
1092 2257 1238 2328 intererr-
1385 2246 1388 2253 ’

222 2387 275 2442 te.
294 2374 464 2444 Remediis
487 2371 606 2446 frustra
631 2373 968 2489 adhibitio,'renttrm
988 2391 1039 2448 est
1066 2375 1108 2448 ad
1128 2383 1237 2446 extre&

220 2513 299 2562 nrt.
319 2491 600 2565 Aenus-instante
626 2493 762 2580 morbo,
785 2517 825 2565 ac
849 2493 1003 2585 spiritum
1023 2492 1238 2585 praecluden-
1322 2549 1326 2554 -
1408 2577 1414 2588 Ι

219 2622 273 2695 te,
291 2606 395 2701 jacuit
412 2611 594 2682 exstinctus
612 2611 649 2682 in
666 2637 707 2683 eo
724 2613 818 2704 ipso,
836 2636 902 2704 quo
920 2605 1131 2700 fulciebatur,
1146 2611 1237 2686 redi·

217 2717 353 2794 tixlv
369 2723 442 2796 Cal.
461 2725 568 2818 April.
588 2749 664 2796 ann.
687 2726 784 2818 1757.
899 2817 903 2824 ⁴

265 2841 358 2913 llaec
375 2858 410 2913 ct
422 2841 493 2916 ‘alia
511 2843 674 2937 quaedam
693 2842 736 2917 ab
754 2845 813 2916 illo
833 2843 966 2937 accepi,
981 2843 1038 2936 qui
1054 2843 1173 2915 Olivae
1184 2843 1256 2913 eir„

222 2967 293 3023 torn
312 2953 355 3024 ab
377 2957 495 3026 amicis
514 2956 599 3026 mihi
618 2957 760 3050 benigne
780 2958 943 3053 Rhodigio
961 2959 1098 3028 missam
1119 2957 1239 3050 gallice

219 3071 328 3161 dedit3
351 3096 450 3165 quam
470 3089 583 3146 tamen
601 3099 754 3148 mancam
775 3077 885 3166 dedit,
905 3091 939 3160 et
961 3077 1152 3168 adspersam
1181 3053 1239 3149 er·'

220 3185 368 3275 toribus,
395 3207 432 3258 ut
451 3189 688 3262 animadvertit
705 3193 929 3282 Hieronymus
947 3213 1035 3262 corn.
1062 3191 1240 3262 canonicus

221 3302 265 3374 dc
282 3303 448 3376 silvestris
467 3308 541 3399 (ι).
565 3313 615 3379 Ea
643 3311 785 3393 occurrit
803 3310 925 3402 legenti
945 3307 1087 3394 librum,
1111 3309 1166 3402 qai
1186 3306 1237 3378 ric

92 3486 95 3489 ,
222 3416 433 3489 inscribitur:
455 3419 597 3490 Oenones
615 3421 765 3494 diverses
779 3424 823 3493 de
849 3431 902 3498 M.
922 3418 1039 3492 t'ohts
1059 3420 1154 3490 Oliva
1180 3416 1236 3491 hi.

222 3529 443 3606 ltiotlsscaire
460 3533 504 3607 de
525 3538 582 3610 M.
600 3537 635 3612 le
652 3540 775 3615 Princo
791 3538 836 3614 ds
854 3537 1010 3612 Suntne.
1030 3529 1123 3612 Petris
1152 3537 1233 3616 chet

219 3655 347 3728 Martio
370 3654 467 3776 1757.
987 3681 988 3684 ’

561 3865 890 3902 mmmmm

142 4029 147 4034 '
261 4003 312 4088 (¹)
333 4007 450 4070 bettore
468 4003 579 4073 credits
599 4005 648 4072 del
666 4008 823 4074 Fasciolati
841 4031 883 4074 ec.
904 4029 970 4094 pag.
991 4029 1037 4074 ιο.
1055 4019 1116 4074 rot.
1135 4027 1164 4096 rt
1187 4037 1191 4042 ¹
