3259 4959
573 322 677 393 narni
694 313 856 394 electori
1148 321 1211 407 321*

169 481 171 485 ’
207 461 434 546 necandum,
452 473 490 528 at
508 458 627 545 decet,
646 459 700 530 rel
725 459 911 530 Facciolato
934 479 1015 550 opas
1042 477 1150 546 essct,
1169 461 1222 531 rel

206 575 376 649 Facciolo.

254 689 308 759 Ad
325 705 512 758 extremum
530 687 686 756 Parmam
706 685 852 777 perrexit
870 710 909 756 eo
929 688 1061 776 publiea
1083 690 1222 760 auctori-

209 823 278 877 tate
300 808 479 889 invitatus,
502 820 539 873 ot
565 804 600 872 in
620 805 711 896 regio
730 806 788 874 illo
803 808 922 895 Lyceo
942 831 1072 899 graecas
1092 808 1225 878 latinas·

206 949 270 1016 que
291 924 416 995 litterar
444 923 665 1014 profiteretur.
685 924 737 992 Ibi
759 923 892 1014 juvenes
917 926 959 994 ad
983 926 1225 996 humanitatem

209 1039 370 1122 excoluit,
389 1061 428 1106 ae
446 1037 565 1105 stadiis
588 1036 750 1126 praefuit.
775 1035 843 1106 Ubi
863 1040 1008 1128 primum
1027 1039 1088 1108 hoe
1108 1063 1227 1110 rnunus

206 1158 301 1244 iniit,
312 1158 451 1226 latinam
464 1156 645 1224 orationem
662 1155 794 1240 habuit,
806 1157 841 1223 in
859 1181 923 1247 qua
942 1159 1129 1242 contendit,
1143 1159 1225 1230 falso

206 1275 292 1346 illud
306 1271 552 1364 percrebuisse,
568 1296 630 1341 nec
647 1270 769 1341 ὁοηωιι
787 1281 977 1356 oratorem,
990 1284 1124 1363 poetam
1132 1301 1147 1356 ;
1163 1301 1224 1346 nee

209 1390 332 1462 ὒοηωη
352 1401 507 1481 poetam,
525 1401 695 1460 oratorem
714 1388 890 1479 suturam.
919 1391 1024 1481 quue
1048 1395 1225 1462 ostenden-

208 1507 289 1576 dum
308 1504 454 1593 suscepit
472 1527 512 1573 eo
531 1519 664 1587 mente,
685 1519 721 1570 ut
739 1527 832 1571 suam
864 1503 898 1570 in
919 1503 1131 1593 disciplinam
1159 1522 1226 1574 tra·

206 1625 295 1696 ditos
314 1621 537 1694 adolescentes
564 1622 725 1713 erigeret,
753 1623 922 1712 utriusque
950 1623 1031 1711 ipsis
1058 1625 1228 1712 proposita

208 1738 315 1808 laudis
334 1759 412 1828 spe.
433 1736 566 1806 Dicenti
596 1725 733 1804 aderant
756 1736 817 1808 rei¹
832 1737 1010 1806 litterariae
1039 1738 1249 1808 moderato-¹·

208 1877 280 1938 res,
302 1849 504 1944 professores.
526 1850 663 1931 eximii,
688 1850 814 1940 virique
842 1849 1015 1922 lectis-simi
1043 1875 1085 1922 ex
1109 1855 1225 1944 quotis

208 1972 342 2042 ordine.
362 1969 487 2040 Habita
505 1968 609 2037 oratio
636 1965 701 2037 fuit
719 1969 754 2035 in
781 1968 856 2038 aula
875 1969 1000 2058 publici
1025 1969 1107 2058 regii
1134 1971 1225 2042 illins

207 2087 309 2176 Lycei
329 2086 381 2156 lv
400 2085 472 2156 Cal.
483 2082 660 2151 Decembr.
682 2084 1047 2172 an.1770,eumpaulo
1065 2089 1229 2156 anaema:

214 2205 264 2274 tia
283 2203 416 2273 Amalia
443 2199 641 2271 Fordinandi
662 2197 847 2288 parmensis
866 2196 959 2265 ducis
985 2216 1120 2290 augusta
1151 2226 1232 2270 con.

209 2314 268 2409 jux
286 2315 413 2404 prolem
427 2310 568 2380 feliciter
585 2311 762 2394 edidisset,
778 2327 813 2378 et
825 2311 1034 2399 praecedenti
1054 2331 1228 2384 noctesao-

211 2429 286 2520 pirre
314 2427 474 2497 tonuisset
497 2441 627 2516 praeter
655 2448 801 2494 morem.
826 2423 930 2515 quue
954 2425 988 2492 in
1016 2449 1115 2496 cauea
1143 2426 1228 2515 suit,

213 2563 271 2610 eur
288 2541 404 2610 Petms
423 2543 437 2629 (
454 2553 491 2609 ut
510 2537 582 2628 ipse
601 2539 643 2608 do
661 2561 698 2607 se
721 2535 868 2628 latetur)
888 2536 1065 2608 confecerit
1088 2541 1230 2616 latinum

214 2678 347 2724 carmen
367 2676 583 2746 praepropere
594 2704 605 2738 ‚
616 2669 651 2724 et
669 2668 745 2743 post
762 2653 945 2722 orationem
964 2652 1053 2722 illico
1069 2655 1233 2728 recitare*

214 2773 276 2843 rit.
305 2774 403 2865 Quod
431 2773 565 2864 quidem
591 2789 773 2864 exceptum
792 2772 933 2845 arbitror
952 2773 1080 2868 magnis
1104 2775 1232 2865 plauti·

213 2885 385 2958 basiare
409 2903 477 2957 tam
498 2884 621 2958 fausta.

253 3001 352 3070 Anno
372 3001 539 3090 verm-qai
560 3001 712 3090 proxime
730 3017 860 3070 secatus
884 3016 953 3086 est,
969 3001 1116 3094 ejusdem
1145 3005 1230 3096 regii

212 3119 314 3206 Lycei
335 3117 452 3188 studiis
476 3117 624 3187 oratione
644 3119 805 3209 prolusit,
826 3120 878 3189 cui
904 3121 1006 3190 multa
1026 3123 1236 3209 emditio,nt

211 3236 314 3303 etiam
333 3235 450 3320 alteri,
467 3236 508 3304 de
520 3261 584 3326 qua
603 3238 701 3308 modo
719 3239 884 3308 diximus.
905 3240 1053 3329 Utraque
1072 3242 1237 3331 reperitur

215 3346 251 3414 in
270 3346 437 3416 volamine
456 3351 712 3442 manuscripto.
733 3353 774 3420 In
792 3375 833 3420 eo
852 3352 1060 3427 continentur
1079 3353 1233 3445 plurima,

214 3464 403 3557 etquidem
423 3464 509 3536 inter
527 3491 564 3535 se
584 3470 694 3537 varia:
714 3471 818 3539 latina
837 3488 872 3540 et
885 3470 982 3556 itala3
997 3494 1089 3542 saera
1107 3487 1141 3542 et
1161 3498 1233 3565 pro·

214 3577 314 3668 fana3
340 3579 467 3665 silvae,
495 3585 746 3670 oratiunculae,
777 3585 1016 3676 praefationes,
1047 3591 1237 3660 annotatio)

214 3718 290 3782 nes,
309 3695 523 3785 academiae,
542 3698 577 3766 in
605 3698 725 3794 quibus
755 3700 904 3769 carmina
923 3718 1083 3782 structura
1110 3729 1149 3775 ae
1169 3729 1232 3776 nu·
1281 3697 1283 3702 ’

214 3837 306 3884 mero
325 3812 524 3898 dissimilia,
536 3837 675 3905 quorum
696 3816 806 3908 aliqua
826 3817 934 3888 minas
952 3819 1067 3906 fluida,
1080 3837 1116 3890 ut
1131 3821 1233 3894 etiam

213 3926 249 4009 in
268 3925 376 4014 libro,
395 3950 494 4020 quem
513 3927 587 4019 ipse
604 3928 798 4022 inscripsit:
820 3929 1015 4006 Certamina
1033 3930 1232 4012 litterarior

491 4040 533 4089 er
