3259 4959
532 347 706 402 emautur
723 346 929 402 couuoutrr
1155 328 1222 426 431
1362 305 1371 318 ’

215 487 288 560 est,
306 485 340 543 et
358 493 402 544 ax
423 468 524 544 iariir
547 469 664 544 officiis
683 485 853 542 constans.
882 467 1021 542 Paucis.
1044 467 1226 564 Invigilar'c

212 588 391 677 omnibus,
424 588 535 658 omnia
553 609 768 681 cognoscere,
802 588 962 660 interesse
980 588 1154 675 omnibus,
1185 611 1226 658 ac

213 729 366 797 praeesse
385 706 505 792 debet,
523 704 580 776 cui
598 695 754 778 traditum
775 723 829 778 est
844 706 1028 779 studiorum
1055 705 1227 798 regimen.

210 823 303 892 Haec
322 820 449 907 omnia,
468 819 627 910 quamdiu
645 817 806 912 praefuit,
826 821 1072 893 accuratissime
1089 819 1228 914 praesti·

208 939 253 1008 tit
266 940 462 1034 cajetanus:
475 937 591 1009 solitus
605 940 794 1030 peregrinus
812 937 981 1030 inprimis
995 939 1039 1010 ad
1055 961 1092 1010 se
1106 939 1227 1011 adeun·

209 1072 260 1127 tes
286 1057 427 1148 benigne
447 1056 628 1148 excipere,
652 1057 772 1148 quibus
791 1064 828 1126 se
846 1055 1061 1148 ‘spectabilem
1080 1055 1227 1126 reddidit

205 1171 394 1246 eruditione
413 1174 613 1266 multiplici.
632 1177 678 1246 At
697 1173 769 1267 eius
794 1185 916 1246 tromeu'
949 1173 1094 1246 innotuit
1120 1197 1164 1247 ex
1180 1171 1225 1245 ii·

203 1294 386 1385 praecipue
401 1315 486 1384 quae
504 1292 539 1362 in
564 1292 673 1362 lucem
691 1290 821 1362 edidit.

255 1415 352 1482 Anno
371 1399 486 1503 itaque
506 1413 594 1506 1769
620 1433 680 1480 sex
699 1409 876 1480 Orationes
894 1409 1049 1502 protulit.
1076 1410 1225 1500 Quatuor
1364 1399 1367 1420 '

206 1554 253 1624 ⁸¹,
266 1528 322 1598 bis
337 1518 501 1634 ¹babuerat
518 1530 553 1600 in
577 1529 718 1602 solemni
746 1515 926 1602 Seminarii
953 1527 1137 1599 studiorum
1166 1525 1224 1596 in·

207 1643 407 1720 stauratione
425 1641 496 1732 3'ex
518 1641 645 1714 duabus
659 1643 795 1736 reliquie
814 1650 915 1728 urtam
940 1626 977 1711 in
1003 1639 1117 1712 funere
1139 1641 1224 1712 Car-

106 1773 109 1781 *
209 1757 332 1828 dinalis
351 1744 528 1829 Veruncsii
548 1753 696 1848 episcopi
715 1736 1049 1849 patavinijntnnn
1066 1755 1220 1826 emiuen-

208 1873 330 1946 tissitni
360 1860 467 1948 Callis
488 1873 549 1944 His
569 1875 794 1946 academicam
820 1860 1095 1948 exercitationem
1121 1895 1222 1944 anne·

208 1991 301 2064 aruit.
321 1986 530 2084 Singulorum
552 1985 664 2065 titulos
683 1975 844 2079 referam,
863 1975 1012 2063 coniedla
1029 1991 1188 2062 historia.

250 2107 294 2176 Et
312 2101 399 2200 quud
418 2113 546 2197 spectat
565 2107 607 2174 ad
631 2093 756 2196 primas
774 2121 935 2196 quatuor,
953 2090 991 2173 in
1009 2102 1053 2177 iis
1076 2103 1221 2176 scribere

205 2216 258 2288 dis
277 2233 371 2286 suam
395 2216 573 2306 quamdam
593 2215 754 2288 rationem
774 2216 991 2288 'tenuitsNon'
1010 2216 1101 2288 euim
1119 2242 1222 2310 pecu

205 2327 287 2398 liare
306 2329 433 2421 aliquid
451 2327 715 2423 pertractandum
731 2330 901 2422 proposuit
917 2329 985 2404 sibi
1003 2329 1039 2402 iu
1058 2331 1218 2423 singulis,

204 2447 264 2518 sed
283 2448 318 2517 in
338 2463 604 2542 unamquamque
626 2451 789 2544 congessit
817 2449 914 2542 longe
945 2437 1112 2540 plurima3
1129 2451 1219 2531 unde

204 2563 367 2653 appellari
388 2581 522 2655 possent
541 2565 688 2637 eruditae
721 2564 986 2636 dissertationem
1018 2565 1059 2635 lu
1085 2562 1141 2634 bis
1167 2582 1220 2636 ta.

204 2702 281 2749 men
302 2697 393 2769 sunt,
413 2699 497 2773 quae
516 2683 558 2753 ad
585 2682 763 2754 oratoriam
789 2678 989 2776 dignitatem
1017 2696 1218 2772 emergant.

203 2792 341 2863 Duabus
361 2795 488 2865 ultimis
509 2797 650 2888 grauiter
663 2801 701 2867 et
712 2813 865 2868 accurate
881 2794 1088 2889 persequitur
1104 2795 1219 2874 laudae

89 2908 93 2914 “
204 2912 373 3003 utriusque
392 2906 571 3008 principis.
599 2918 746 2988 Demm
775 2905 812 2986 iu
841 2912 1077 2988 exercitatione
1104 2915 1219 2990 acade.

199 3031 289 3102 unica
311 3031 448 3102 subtilia
468 3033 571 3105 multa
583 3035 777 3128 deprompta
793 3059 836 3106 ex
853 3035 965 3106 media
983 3033 1214 3127 philosoplis.

203 3149 303 3234 Post,
322 3152 500 3240 nonnulla,
520 3170 557 3225 ut
574 3153 647 3247 ipse
666 3155 782 3226 scribit
801 3157 877 3249 (r),
900 3151 1042 3226 attexuit
1058 3153 1220 3242 ondoni,

201 3289 287 3356 quse
306 3269 341 3336 in
360 3268 472 3342 funere
492 3275 696 3360 Veronesii,
719 3273 854 3346 ethaeo
887 3273 1017 3368 (paucis
1034 3272 1105 3343 uiue
1123 3272 1218 3346 addi.

207 3379 251 3448 tis
267 3431 277 3464 ,
296 3403 353 3450 seu
373 3385 508 3454 mutatis
518 3437 528 3470 ,
547 3403 642 3476 prout
659 3386 850 3478 postulabat
877 3387 961 3458 ratio
978 3385 1153 3478 temporis)
1166 3410 1221 3460 te·

203 3493 266 3562 luti
287 3494 521 3585 praefationem
541 3498 714 3588 praemisit
731 3501 824 3590 operi
854 3500 1003 3595 ejusdem
1034 3515 1215 3592 pustutuo,

203 3613 291 3703 quod
311 3637 396 3684 anno
419 3617 504 3708 1763
523 3617 655 3690 brixiae
677 3618 801 3712 prodiit
835 3619 884 3691 sic
913 3618 1131 3716 inscriptum:
1158 3621 1215 3691 De

537 3852 866 3885 mmmm

219 4034 223 4042 .
240 3990 290 4072 (r)
311 3989 434 4054 Praelat.
452 4013 518 4082 pag.
542 4015 570 4059 r.
614 4045 618 4052 .
