3259 4959
417 381 486 471 526
889 405 973 466 um

417 551 490 604 nun
511 522 735 616 problemata,
756 544 795 589 eo
813 544 985 605 successu,
1005 535 1041 590 ut
1060 520 1102 590 ad
1121 521 1237 590 eadem
1258 537 1373 600 natura
1392 519 1441 608 ia,

417 662 490 712 ctus
509 642 740 733 magistrorum
760 638 883 732 jndicio
904 637 1083 708 videretur.
1108 639 1206 708 Brevi
1226 639 1287 708 hoe
1307 641 1444 719 evolute

420 762 548 852 spatio,
564 759 699 838 domum
720 781 756 825 se
775 757 916 838 eontulit
925 809 935 841 ,
950 753 1028 836 hino
1047 756 1211 840 Venetiae
1222 809 1233 842 ‚
1245 757 1357 848 ibique
1377 758 1442 828 ali.

417 893 539 972 quanto
559 893 632 966 post
651 873 825 954 nonnullos
845 899 887 944 ex
906 873 1043 964 patricio
1059 895 1181 965 genere
1210 875 1436 960 adolescentes

420 995 645 1064 informandos
671 991 817 1081 suscepit
835 991 972 1060 scientia
995 989 1075 1086 juris
1093 1043 1100 1072 ,

463 1118 512 1183 Ea
533 1127 729 1203 tempestate
749 1111 783 1190 in
802 1109 864 1191 hac
884 1111 964 1180 urbe
995 1135 1068 1186 eum
1090 1110 1308 1206 arnplitudine
1332 1115 1439 1188 hono-

420 1253 513 1314 rum,
539 1245 608 1308 turn
628 1227 814 1299 litterarum
836 1225 935 1316 gloria
958 1225 1093 1308 florebat
1112 1226 1281 1316 insigniter
1302 1231 1438 1308 Marcus
1460 1281 1465 1296 .

383 1408 386 1415 ,
425 1347 625 1421 Fosrasenus
636 1394 646 1425 ,
663 1341 713 1418 vir
732 1338 852 1419 litteris
869 1357 902 1406 et
922 1339 1075 1418 litteratis
1094 1339 1262 1418 addictus.
1279 1343 1341 1426 ilie
1361 1327 1443 1412 For-

422 1459 544 1536 eellino
556 1455 734 1546 plurimum
747 1477 825 1521 suae
838 1453 1051 1544 benignitatis
1065 1452 1249 1542 impertiit,
1259 1480 1334 1524 usus
1354 1457 1439 1550 eius-

423 1575 501 1654 dem
521 1595 620 1663 opera
640 1571 673 1636 in
693 1568 898 1650 contexenda
918 1583 951 1646 et
963 1567 1094 1658 edenda
1104 1567 1371 1660 historia‚quarn¹
1388 1575 1443 1642 in.

421 1685 674 1781 scripsit,Delln
684 1687 884 1764 letteruiurn
896 1683 1086 1772 venesitinu,
1096 1687 1271 1781 multiplici
1285 1692 1441 1766 eruditio„

423 1830 465 1874 ne
484 1802 620 1884 referta.
634 1801 759 1883 Eadem
772 1800 1001 1890 ,complectitur
1013 1800 1114 1880 libros
1130 1817 1202 1870 octo
1213 1853 1221 1872 .
1232 1805 1283 1874 Ex
1298 1805 1349 1874 his
1361 1831 1442 1896 qua-⁴

421 1935 494 1999 tuor
510 1933 635 1998 tanturn
656 1939 731 1995 ann.
755 1913 841 2002 1752.
855 1913 944 2003 typis
956 1915 1132 1985 Seminarii
1153 1919 1299 2005 patavini
1315 1944 1352 1989 ea
1368 1947 1440 1992 ma-

423 2031 612 2123 gnificentia
631 2043 706 2096 sunt
729 2026 812 2108 editi
832 2079 842 2124 ²,
871 2051 955 2118 quae
976 2029 1105 2098 videtur
1123 2054 1198 2099 curn
1219 2031 1335 2101 intima
1354 2035 1440 2104 tanti

422 2130 531 2239 operis
550 2147 711 2236 dignitate
730 2162 872 2214 certare.
894 2146 1026 2250 Reliqui
1046 2171 1166 2240 magna
1186 2173 1228 2234 ete
1248 2169 1340 2242 parte
1356 2177 1438 2232 con-

422 2261 500 2345 [eati
521 2261 627 2343 arilnre
647 2260 866 2341 delites-unta
884 2261 939 2350 qui
961 2277 1072 2330 tamen
1092 2287 1224 2352 sperare
1243 2283 1376 2356 possent
1390 2267 1441 2336 lu-

424 2403 499 2459 cem
517 2377 720 2468 publieama
741 2391 858 2454 veneto
886 2375 1111 2458 eruditissimo
1144 2379 1231 2465 uiro,
1255 2381 1311 2471 qui
1343 2395 1376 2450 et
1402 2405 1444 2464 es

351 2477 356 2482 ¹
423 2473 564 2582 seientia
583 2511 652 2578 est,
665 2511 702 2562 ut
720 2494 806 2576 nihil
825 2493 1014 2588 hujusmodi
1034 2512 1181 2576 metuere
1201 2475 1337 2586 debeat3
1350 2517 1384 2568 et
1400 2523 1442 2572 ea

405 2598 460 2692 ⁸in
474 2625 639 2689 auctorem
655 2606 883 2678 doctissimum
904 2610 1088 2696 voluntate,
1105 2627 1141 2678 ut
1160 2611 1245 2692 nihil
1265 2615 1368 2702 possit
1387 2637 1446 2686 nes

426 2728 551 2828 gligere
563 2778 573 2810 ‚
586 2727 671 2828 quod
692 2727 734 2794 ad
747 2723 818 2819 ejus
837 2726 936 2796 decus
949 2729 1126 2818 pertineat²
1142 2731 1278 2812 Utinam
1298 2731 1447 2822 aliquan.

428 2839 472 2922 do
491 2857 525 2914 et
544 2839 579 2910 hi
599 2837 823 2931 proferantur!
845 2841 910 2910 Sed
930 2841 972 2920 ad
990 2843 1209 2923 Fotcellinnm
1229 2863 1386 2926 revertor,

470 2963 503 3039 Is
526 2960 699 3040 Foseareni
728 2959 911 3050 patrocinio
940 2959 1094 3042 suffultus
1114 2962 1148 3030 in
1169 2987 1260 3032 sacro
1287 2965 1442 3055 patavine

427 3075 575 3165 Collegio,
606 3077 747 3145 doctoris
776 3077 920 3169 insignia
947 3079 1116 3165 obtinuit,
1141 3081 1329 3151 lieetantea
1356 3107 1444 3174 qua·

427 3188 642 3274 driennium,
671 3205 707 3269 ut
736 3191 989 3280 praescribitur,
1009 3219 1073 3264 non
1094 3196 1310 3286 impendisset
1328 3197 1363 3265 in
1383 3223 1447 3270 aue

431 3306 569 3388 diendos
587 3308 855 3400 Archigymnasii
873 3311 963 3382 iilius
985 3311 1199 3403 professores.¹

472 3427 611 3511 Interim
631 3430 787 3505 societate
806 3429 890 3500 inita
908 3456 982 3501 enm
1002 3412 1172 3517 Lastesio,
1192 3434 1338 3512 studium
1363 3460 1441 3516 eum

430 3540 491 3623 iilo
510 3544 648 3612 eontulit
666 3545 700 3612 in
721 3546 901 3622 editionem
921 3571 1056 3638 operum
1076 3548 1226 3638 Speronii
1248 3549 1384 3640 Speroni
1398 3548 1448 3618 vi·

433 3659 464 3742 ti
483 3657 733 3742 celebratissimi
755 3665 827 3754 (t).
853 3665 943 3748 liaeo
963 3665 1145 3736 habuerant
1171 3666 1222 3736 itti
1241 3664 1285 3736 ab
1312 3665 1448 3740 beredi÷

771 3833 1100 3868 mmmmmmmm

470 3930 520 4008 (ι)
552 3931 635 3992 Haeo
662 3931 739 3994 edita
762 3949 805 3996 est
832 3937 962 4003 venetiis
983 3903 1057 4022 tppis
1073 3937 1221 4012 Dominiei
1241 3936 1335 4012 Oeebi
1363 3955 1445 4016 sunu

433 4041 506 4116 1740
525 4031 558 4094 iu
574 4039 606 4126 4.
