3259 4959
409 365 478 436 330
868 371 956 426 Vm

405 521 501 574 mum
519 495 589 592 ejus
607 493 712 586 ipsius
733 489 901 584 elogium.
917 493 957 560 In
980 485 1033 560 his
1053 484 1112 558 ille
1131 511 1167 560 te
1186 493 1349 582 expressit
1372 519 1433 570 co·

406 612 531 688 loribus
550 607 756 702 plantastis.

461 731 531 798 Has
558 726 691 799 easdem
718 718 962 794 eruditissimus
991 717 1041 792 vir
1068 717 1241 791 Motellius
1269 721 1428 794 Veneriis

408 847 516 916 denuo
534 843 680 935 vulgavit
698 865 783 910 anno
806 839 893 932 1785
904 834 1150 928 quadringentis
1170 835 1245 906 aliis
1264 837 1402 930 adjectis
1413 888 1425 924 ,

409 983 546 1055 quatum
565 961 728 1052 plurimae
747 958 858 1028 editae
886 977 1065 1046 numquam
1096 971 1210 1025 antea.
1231 955 1293 1026 His
1313 958 1427 1028 erudi·-

407 1091 476 1145 tarn
494 1072 731 1167 praefationem
750 1069 969 1163 praeposuita
989 1091 1025 1145 se
1044 1064 1248 1153 consectam,
1266 1090 1326 1138 nec
1341 1071 1426 1140 orui.

406 1189 450 1260 sit
467 1188 643 1279 epistolam
673 1184 846 1258 Forcellini
877 1182 1004 1274 primae
1023 1206 1135 1256 earum
1162 1182 1300 1254 editioni
1326 1209 1423 1278 prae,

406 1305 564 1378 missam.
585 1304 639 1378 sd
658 1301 876 1378 Forcellinunt
896 1299 1009 1374 redeat
1028 1298 1188 1368 historia.

452 1423 537 1510 Hic,
556 1438 593 1493 nt
610 1421 717 1516 jussus
736 1417 842 1490 iuerat
860 1443 880 1494 a
898 1421 1007 1504 zeno,
1027 1415 1263 1514 praefationem
1291 1417 1421 1510 scripsit

406 1526 443 1607 in
461 1536 603 1620 librum,
616 1534 715 1628 cujus
734 1534 788 1604 hio
807 1550 858 1608 cst
877 1533 1010 1608 titulus:

452 1681 471 1716 s
494 1649 677 1728 Biblioteca
705 1648 780 1716 dell’
798 1647 978 1737 eloquenza
1006 1645 1143 1724 italiana
1173 1645 1206 1715 di
1237 1646 1425 1737 monsignor

392 1795 428 1838 ‚n
451 1762 569 1834 Giusto
595 1759 771 1836 Fontanini
798 1785 861 1838 con
889 1760 921 1833 ic
940 1759 1147 1834 annotuziuni
1169 1760 1223 1828 dcl
1242 1760 1303 1851 sig.
1330 1763 1420 1851 Apo-

404 1881 490 1950 stoio
507 1882 624 1952 &noo
638 1929 648 1962 ,
662 1901 747 1978 quae
766 1878 922 1952 Veneriis
941 1900 998 1968 per
1018 1893 1113 1968 typos
1135 1877 1258 1972 publici
1278 1876 1356 1978 juris
1374 1876 1422 1948 sa·

405 2010 458 2064 cta
478 2017 553 2067 ann.
577 1991 684 2084 1753,
702 1990 819 2063 eodem
839 1992 996 2082 Apostolu
1017 1993 1084 2062 rita
1099 1989 1232 2063 functo.
1252 1993 1292 2064 In
1311 2014 1350 2060 eu
1367 1990 1383 2058 i
1401 2035 1418 2048 -

402 2110 568 2187 miliaretn
587 2109 765 2202 quemdam
784 2133 970 2183 sermonum
987 2107 1085 2180 refert
1104 2109 1255 2178 lrnbitunr
1275 2107 1316 2178 ab
1344 2107 1417 2198 ipso
1471 2130 1474 2140 ·

404 2231 493 2299 Zeno
508 2229 545 2300 in
564 2228 747 2298 domestico
764 2229 945 2304 amicorum
967 2245 1060 2298 coetu
1070 2258 1081 2316 3
1101 2245 1154 2313 ct,
1174 2227 1254 2318 quid
1273 2226 1329 2296 illc
1347 2251 1419 2296 scn-

404 2345 484 2416 serit
502 2345 544 2414 de
563 2344 625 2417 hoe
643 2369 742 2438 opere
761 2370 800 2416 ac
820 2346 862 2416 dc
882 2345 972 2416 illius
992 2361 1123 2416 auctore
1142 2345 1346 2430 clarissimo,
1365 2345 1420 2414 in·

403 2485 509 2554 genua
537 2467 689 2554 exponit,
719 2465 869 2538 Indicam
901 2489 1029 2560 quoquo
1050 2465 1155 2538 texuit
1173 2489 1285 2539 eorum
1298 2519 1308 2551 ,
1332 2489 1418 2558 quae

403 2603 483 2671 prae
500 2580 618 2655 ceteris
639 2581 722 2652 scitu
741 2582 841 2672 digna
861 2581 895 2650 in
915 2581 1181 2656 annotationibus
1200 2583 1302 2668 Zeni,
1320 2607 1420 2674 quem

403 2711 440 2764 et
457 2694 624 2767 viventem
642 2694 822 2794 plurimum
841 2696 964 2786 coluit,
979 2711 1012 2770 et
1029 2713 1191 2769 mortuum
1206 2714 1420 2790 prosequutus

402 2829 454 2884 est
468 2831 559 2906 gratu
576 2815 820 2902 recordatione,
835 2815 993 2905 pristinae
1008 2815 1253 2888 consuetudinis
1271 2839 1417 2888 memor.

447 2930 524 2998 Jam
544 2953 621 3003 reto
643 2929 758 3020 quanti
778 2929 836 2998 ille
856 2927 1047 3014 habendus,
1067 2953 1167 3020 quern
1186 2929 1419 3000 litteratissimi

403 3040 467 3110 viri
486 3067 617 3112 suorum
637 3045 787 3118 laborum
806 3045 933 3118 socium
963 3046 1157 3132 habuerint,
1177 3063 1211 3116 et
1230 3048 1271 3116 ad
1297 3046 1421 3116 intima

402 3159 541 3229 consilia
568 3160 784 3236 admiserint!
814 3187 914 3254 quern
935 3163 1111 3238 absentem
1140 3167 1246 3236 Zenus
1265 3187 1340 3256 prae
1359 3187 1421 3234 ce-

402 3277 481 3346 teris
500 3293 535 3346 et
551 3280 718 3351 [astasius
732 3280 831 3351 toties
850 3283 1000 3372 epistolis
1020 3284 1088 3354 suis
1107 3281 1313 3353 ornaverint!

448 3393 515 3466 Sed
534 3395 602 3489 jam
631 3397 784 3471 Veneriis
803 3399 945 3474 discedit
963 3400 1163 3476 Forcellinns
1182 3416 1312 3472 coactus
1335 3398 1420 3469 caeli

402 3507 494 3578 illius
513 3510 727 3604 intempcrie.
748 3517 836 3584 Tum
857 3516 964 3592 uarias
984 3515 1031 3584 ire
1052 3515 1085 3584 in
1108 3515 1291 3606 provincias
1308 3513 1421 3604 coepit

400 3647 478 3694 cum
504 3624 631 3694 venetis
649 3615 853 3720 praetoribus
871 3683 881 3716 ‚
902 3629 1022 3722 quibus
1048 3647 1120 3700 erat
1142 3628 1352 3714 carissimus,
1379 3643 1416 3698 et

401 3765 555 3813 exercere
572 3743 698 3838 judicia
717 3749 924 3836 criminalia,
944 3749 1131 3840 civiumque
1149 3747 1225 3816 lites
1244 3768 1420 3836 compone-

400 3879 438 3926 re
448 3910 459 3943 ‚
477 3858 541 3948 juri
564 3859 706 3931 dicundo
724 3861 929 3952 praefectus,
948 3881 981 3933 et
999 3862 1113 3934 vicarii
1124 3913 1134 3948 ,
1154 3861 1202 3930 uti
1227 3858 1334 3954 ajunt,
1355 3883 1420 3950 po·

397 3970 736 4064 tesmtcinsiguitus.
763 3974 850 4046 Mox
868 3975 904 4045 in
929 3978 1146 4062 consultorem
1166 3975 1288 4064 electus
1314 3973 1422 4046 Man·
