3259 4959
516 331 701 394 restorem
719 341 899 398 nomon
1141 323 1213 420 415

198 476 287 544 terat
303 459 507 556 Verouesiu,
525 467 714 564 adjungitur
731 469 911 544 Seminarii
938 463 1126 562 magistris,
1144 494 1212 541 non

198 590 272 660 tine
291 589 402 682 aliqua
429 611 541 694 eorum
558 587 824 680 exspectatione,
846 589 965 682 quibus
984 588 1087 659 virtus
1108 590 1213 662 Fran·
1326 584 1330 591 ’

199 706 279 780 uisui
299 707 449 799 cognitur

246 830 297 898 lta
316 849 411 918 porro
429 835 465 894 se
484 822 587 916 gessit
603 822 638 891 in
658 821 871 894 instituendis
891 822 1022 895 traditis
1049 817 1115 894 sibi
1140 823 1214 896 alo-

199 945 310 1031 runis,
330 958 366 1016 ut
383 945 418 1013 in
443 943 485 1012 iis
513 942 665 1013 extiterit
691 967 757 1011 nun
787 942 991 1025 mediocrem
1017 943 1214 1015 admiratio-

199 1081 276 1131 nem
295 1063 344 1131 sul
355 1089 366 1149 3
386 1077 470 1153 quae
495 1059 630 1152 quidem
651 1085 690 1130 eo
709 1059 836 1143 auslior
863 1079 997 1154 postea,
1016 1086 1082 1154 quo
1105 1061 1213 1155 maior

197 1173 319 1246 iisdem
338 1173 580 1266 intelligentia.
600 1177 709 1266 Atque
728 1173 834 1261 bano,
854 1197 954 1267 qnam
972 1176 1015 1246 de
1033 1175 1093 1246 illo
1115 1175 1215 1248 imbi-

198 1273 317 1358 lieran't
334 1289 545 1379 opinionem,
564 1303 600 1358 ut
629 1311 701 1358 mos
729 1286 907 1382 juvenum,
925 1287 1156 1378 praeferebant
1173 1313 1213 1360 a·

199 1421 310 1498 perte:
331 1405 452 1498 ubique
472 1406 574 1490 notis,
591 1405 712 1498 ignotis
732 1406 774 1478 (le
794 1429 834 1476 ee
851 1405 1108 1498 praedicabunt,
1128 1427 1214 1498 quae

200 1517 298 1588 toties
325 1516 361 1588 in
389 1513 511 1592 sobolis
539 1519 708 1590 viderant.
736 1517 902 1613 silebunt,
929 1543 1050 1622 ponere
1077 1519 1215 1614 jubebat

198 1631 277 1720 ille,
305 1635 434 1728 dequo
460 1635 598 1728 quisque
627 1635 729 1706 scribi
757 1636 877 1706 vellet.
905 1639 990 1710 llum
1010 1635 1212 1727 propositam

196 1776 298 1845 saepe
311 1755 346 1825 in
363 1771 535 1846 utramque
550 1772 789 1853 partem—moro
808 1755 999 1833 stadom'mo
1014 1750 1130 1826 latinis
1143 1776 1214 1825 rer·

198 1868 289 1942 tibus
309 1873 395 1946 inter
413 1899 449 1944 ee
469 1874 687 1945 dissimilibus
706 1875 913 1966 exponebat,
937 1873 1020 1944 adeo
1045 1898 1111 1942 oon
1139 1897 1213 1942 rare

197 1983 388 2076 difficilem,
408 2004 445 2057 ut
464 2013 483 2057 a
502 1987 641 2079 poeticis
671 1987 819 2056 numenio
843 1988 1009 2057 rideretur
1031 1985 1131 2077 plene
1150 1981 1211 2057 ab·

196 2101 347 2176 borreto.
375 2096 421 2176 lli
449 2120 561 2174 tamen
573 2155 584 2188 ,
603 2127 809 2196 quocumque
836 2104 1138 2190 ittoswrsesssrss,
1157 2127 1213 2174 so.

195 2217 380 2310 quebantur
398 2218 707 2309 obsequentissimi,
719 2233 753 2288 et
774 2219 818 2290 ad
836 2239 935 2288 omne
952 2242 1092 2308 poeseos
1109 2241 1211 2310 genos

196 2334 328 2406 idonei.
355 2338 459 2426 quue
487 2336 676 2426 praestabat
703 2337 761 2407 illo
791 2337 846 2406 rel
874 2336 1013 2421 sedens,
1037 2353 1075 2406 ut
1101 2337 1208 2427 pluri-

196 2475 312 2538 mum,
330 2453 383 2523 vel
403 2453 514 2526 schola
534 2455 743 2526 inambulans
771 2477 905 2546 sempor
930 2456 1131 2546 imparatus.
1156 2453 1211 2526 Ad

195 2569 259 2641 boe
278 2571 368 2644 enim
389 2573 499 2666 ipsum
519 2591 636 2645 natura
654 2561 843 2667 promptum
869 2575 1016 2647 maxime
1043 2575 1126 2670 juvit
1150 2570 1211 2644 fre·

193 2711 300 2780 quens
327 2695 520 2764 exercitatio
550 2696 621 2787 (1).
654 2695 741 2768 lline
771 2713 882 2768 tamen
911 2695 997 2766 illutl
1025 2693 1212 2766 ineomrno·

193 2809 293 2897 dom,
312 2814 399 2905 quod
419 2839 493 2884 eum
515 2831 685 2908 tantopere
706 2815 740 2885 in
761 2816 813 2887 his
833 2817 1032 2902 excelleret,
1055 2837 1121 2881 non
1147 2837 1211 2903 ρο·

193 2937 278 2994 terat
297 2949 333 2995 se
352 2929 595 3020 quodammodo
613 2929 654 3000 ad
674 2930 913 3022 discipulorum
938 2928 1209 3000 imbecillitatem

46 3033 48 3048 '
193 3037 390 3127 demittere3
410 3065 490 3132 quos
519 3066 619 3114 manu
647 3043 766 3116 ducere
793 3059 941 3134 oportet,
965 3065 1032 3111 noo
1054 3065 1209 3132 praeter·

46 3188 49 3198 ι
192 3166 261 3222 tere
279 3171 453 3247 sequentes
473 3179 538 3228 non
558 3157 710 3249 passibus
731 3159 866 3249 aequis.

240 3269 314 3355 Qua
344 3295 419 3339 vero
434 3270 606 3364 'futilitate
634 3275 805 3348 Boarettus
833 3269 993 3342 fundebat
1018 3270 1122 3339 latina
1140 3291 1210 3339 oee-

193 3384 305 3469 mina,
325 3387 440 3456 eadem
462 3409 591 3478 prorsus
617 3407 651 3460 et
676 3393 777 3460 itala.
802 3395 942 3460 Exstant
959 3388 1045 3475 bueo¹
1059 3387 1211 3477 pluribus

193 3501 228 3572 ie
249 3501 394 3590 libellis,
413 3505 509 3598 vulgo
528 3504 706 3577 Rotoolte.
726 3509 766 3578 ld
787 3508 995 3600 apertissime
1014 3521 1142 3578 constat
1159 3507 1210 3577 le·

528 3713 862 3748 mmmm
898 3725 901 3730 ·

232 3885 281 3966 (ι)
303 3881 455 3972 Quaedam
473 3905 508 3950 ex
527 3883 572 3951 bis
589 3883 709 3952 subsuta
727 3887 759 3951 iu
778 3823 931 3954 statiani
944 3882 1120 3949 bibliotheca
1142 3905 1205 3948 sen·

47 3997 48 4002 ’
190 3995 312 4057 tutu.
