3259 4959
359 357 427 475 354*
832 375 918 448 trus

357 547 434 596 men
454 527 582 618 gratum
600 545 637 594 se
656 543 692 592 se
712 522 875 608 ostendit,
894 519 1053 628 quamdin
1071 519 1176 592 vixit.
1195 509 1277 618 liius
1292 506 1375 598 sunl·

354 661 388 715 ta
407 669 483 716 curn
499 643 596 714 laude
615 641 771 712 meminit
789 641 825 712 in
843 620 913 710 suis
930 633 1115 732 lihris(1).

397 762 494 832 Anno
518 757 668 849 proxime
687 771 845 849 sequente
863 753 1047 824 sacerdotio
1064 753 1216 843 initiatus
1234 773 1286 828 est
1302 749 1372 832 ΧΠ

354 873 426 943 Cal.
447 871 593 964 Aprilis.
612 849 698 944 Suae
718 869 923 960 aliquamdiu
941 858 1033 940 dorni
1060 851 1208 959 prirattt‘s
1227 876 1372 965 mansit;

352 990 401 1063 ibi
421 1007 532 1062 tamen
552 1013 588 1060 se
605 991 642 1060 in
661 990 781 1060 litteris
793 987 970 1060 exercebat
992 987 1147 1076 assidue,
1160 973 1308 1062 maxime
1326 993 1372 1063 ab

353 1109 421 1178 otio
445 1107 642 1178 abhorrens.
674 1108 813 1178 Euoluto
842 1105 1003 1191 triennio,
1030 1103 1231 1196 llhodiginrn
1250 1107 1368 1197 petiit,

353 1238 391 1290 ut
413 1221 504 1291 illius
528 1219 706 1291 Seminarii
726 1220 862 1289 clericos
890 1218 1062 1288 rhetoricis
1081 1221 1370 1311 praeceptionibus

351 1337 558 1408 institueret.
586 1337 655 1407 Ubi
684 1353 853 1429 praetcrea
877 1335 1053 1428 quotannis
1080 1336 1196 1408 debuit
1222 1361 1265 1407 ex
1289 1363 1368 1409 eon.

352 1457 525 1526 suetudine
536 1457 601 1526 loci
621 1456 752 1546 publice
769 1457 873 1526 latina
887 1455 1034 1525 oratione
1050 1455 1170 1527 studiis
1184 1457 1368 1548 proludere,

351 1590 386 1644 et
413 1575 637 1646 academicam
666 1577 937 1646 exercitationem
963 1573 1106 1661 hahere,
1135 1600 1262 1668 magno
1278 1577 1368 1670 poli-

350 1690 471 1758 tiorum
490 1687 612 1760 eivium
632 1713 811 1775 concursu,
835 1689 955 1782 quilius
983 1687 1176 1760 satisfacere
1201 1711 1269 1761 non
1296 1706 1366 1763 tam

350 1799 474 1887 facile,
493 1803 685 1894 praesertim
704 1802 836 1894 juveni.
854 1805 1042 1895 Utrumque
1053 1803 1158 1872 multa
1176 1827 1251 1874 eum
1268 1805 1366 1876 laude

352 1914 551 1986 Vincentius
571 1915 736 2006 praestitit
755 1915 884 1986 biennii
904 1916 1031 2008 spatio,
1050 1939 1114 2007 quo
1140 1916 1269 2008 elapso,
1288 1919 1366 1991 Ser-

350 2033 508 2102 tavallem
537 2055 572 2102 se
601 2033 789 2104 transtulit.
814 2034 888 2105 Illic
917 2032 1047 2104 nobiles
1070 2034 1230 2124 quosdam
1249 2035 1363 2108 adole·

351 2163 478 2216 scentes
510 2145 681 2217 Minuciae
705 2147 813 2238 gentis
837 2147 957 2218 litteris
982 2146 1178 2216 erudiendos
1196 2150 1364 2240 suscepit3

350 2261 387 2330 in
415 2259 466 2329 his
497 2261 681 2346 Andream,
700 2261 759 2351 qui
788 2263 902 2330 civilia
920 2260 1120 2353 temperarit
1136 2275 1171 2330 et
1197 2283 1290 2334 saera
1307 2263 1363 2348 lir-

349 2399 466 2448 manus
486 2377 750 2467 archiepiscopus
769 2391 805 2446 et
823 2377 996 2468 princeps.

394 2492 482 2564 Hinc
507 2491 668 2564 Venutius
687 2492 806 2583 petiit,
825 2491 885 2560 uhi
903 2492 985 2562 duos
1013 2489 1097 2562 alius
1119 2491 1270 2584 juvenes,
1292 2494 1363 2564 An*

349 2611 459 2702 gelum
479 2611 608 2682 scilicet
626 2627 661 2680 et
686 2611 863 2681 Octavium
884 2609 1091 2680 marchiones
1111 2611 1153 2680 de
1176 2609 1363 2698 cannetis,

346 2753 499 2800 romanos
530 2729 695 2823 principes
723 2730 833 2822 coepit
858 2729 1023 2799 excolere.
1046 2731 1099 2800 tto
1122 2729 1213 2800 enim
1239 2730 1363 2800 accitus

349 2843 454 2916 fuerat
474 2845 516 2916 ah
535 2867 649 2914 eorum
667 2861 824 2938 parente,
842 2845 913 2913 viro
933 2843 1060 2934 graecis
1078 2845 1255 2934 praecipue
1277 2845 1364 2913 litte-

349 2961 395 3030 ris
415 2963 592 3032 admodum
612 2963 757 3032 erudito.
773 2963 876 3034 Paulo
891 2963 1041 3052 posthoc
1059 2977 1203 3044 mortuo,
1219 2963 1362 3030 Romam

350 3103 426 3150 curn
445 3081 488 3150 iis
518 3105 552 3149 se
583 3084 742 3152 contulit.
771 3085 809 3152 ln
830 3081 890 3152 illa
918 3074 1068 3149 omnium
1088 3076 1259 3146 nationum
1287 3075 1362 3146 luce

348 3197 503 3270 litteratis
523 3199 602 3269 uiris
622 3201 831 3272 familiariter
848 3201 1001 3270 utebatur
1018 3199 1118 3267 Rota.
1143 3195 1189 3264 lli
1212 3192 1362 3284 frequen·

346 3311 461 3384 tabant
479 3315 614 3387 domurn
632 3313 789 3409 juvenum
804 3317 936 3386 illorum
954 3310 1143 3404 principum
1156 3355 1167 3377 .
1180 3305 1235 3377 Ibi
1252 3307 1365 3400 splen·

690 3540 1021 3575 fflfflmmm'ffl

388 3711 437 3790 (i)
456 3711 491 3770 ln
508 3709 604 3787 lihro,
628 3715 675 3775 cui
707 3707 823 3777 situlus:
850 3705 1036 3774 L‘Incendio
1064 3709 1117 3769 det
1135 3709 1243 3790 tempic
1269 3703 1305 3764 di
1318 3703 1354 3766 S.

351 3817 480 3886 Antonio
499 3819 532 3879 di
547 3822 670 3882 Podova
681 3845 692 3882 .·

422 3923 526 3992 »Non
548 3925 660 3988 ohhlisr
677 3927 777 3990 l'ahno
798 3917 998 4009 soggiomo’io
1017 3921 1141 4006 deggio,

339 4103 346 4118 ‚
460 4035 806 4102 placuissemus.
828 4037 922 4100 Canto
945 4035 1084 4100 used.
