3259 4959
398 348 462 408 rso
763 382 767 398 ·
838 353 922 414 trra

393 475 539 570 perfecte
558 495 693 550 noverat
708 471 930 570 Faeciol'atus,
960 484 1019 554 sed
1043 490 1144 554 totam
1173 484 1274 556 etiam
1295 481 1405 564 nodia

394 616 519 683 tionem
546 631 580 682 ct
599 633 768 681 romanam
790 605 1021 694 antiquitatem
1041 605 1196 694 tenebatq
1216 625 1252 676 ut
1274 608 1405 680 siderea

394 750 446 802 tur
464 757 527 800 non
548 727 783 799 consuetudine
803 741 930 794 tautum
951 742 984 793 et
1004 725 1072 816 juro
1092 749 1225 796 romano
1246 726 1328 811 frui,
1345 732 1408 800 sed

393 848 474 916 ciris
495 845 594 934 plane
616 847 792 910 romanus.
814 841 913 908 Certe
933 861 974 906 ex
993 839 1182 908 recentioris
1206 859 1301 910 notae
1321 844 1403 938 scri-

395 963 543 1055 ptoribus
573 962 706 1032 dicendi
726 959 824 1030 laude
852 957 1053 1049 superiorem
1082 958 1198 1028 habuit
1219 962 1405 1048 neminem,

391 1081 448 1148 vix
467 1103 666 1170 quemquam
687 1099 820 1168 parem.
1171 1059 1175 1067 ¹

351 1233 355 1241 ·
436 1192 506 1266 Vix
526 1192 696 1262 enimvero
716 1214 917 1282 quemquam
946 1187 1113 1276 invenies,
1133 1189 1210 1277 cui,
1234 1208 1335 1282 aeque
1364 1213 1402 1260 ac

389 1307 462 1392 illi,
482 1304 679 1389 familiatls,
703 1323 737 1373 et
755 1307 770 1392 (
781 1323 817 1374 ut
836 1305 971 1394 dicam)
991 1305 1171 1375 domestica
1187 1305 1284 1374 suerit
1299 1307 1402 1375 latina

388 1423 517 1515 lingua,
536 1447 620 1514 quae
639 1438 690 1490 est
714 1419 964 1490 laudamentum
992 1420 1201 1489 elocutionis.
1231 1423 1322 1488 llaec
1349 1420 1401 1488 illi

389 1536 548 1605 naturalis
580 1561 618 1604 ac
649 1555 749 1624 prope
768 1535 935 1625 ingenita,
963 1551 1079 1622 sponte
1099 1535 1220 1618 fluens,
1245 1523 1401 1600 illabora-

390 1663 441 1732 ta,
462 1648 583 1730 facilis,
599 1647 755 1736 expedita
772 1647 814 1715 ad
834 1672 893 1722 sua
912 1647 1081 1738 quaelibet
1100 1648 1241 1738 cogitata
1259 1669 1333 1714 enm
1353 1647 1405 1731 cli·¹

388 1763 514 1852 gnitate
534 1761 769 1850 exprimenda.
789 1761 928 1830 Planum
950 1760 1082 1830 dicendi
1102 1785 1202 1852 genus
1222 1779 1256 1828 et
1279 1781 1401 1852 aequa-

385 1877 476 1963 bile3
496 1899 561 1942 non
587 1873 754 1966 quaesitus
773 1863 948 1957 numerus,
975 1876 1034 1942 sctl
1056 1897 1098 1942 ex
1116 1899 1151 1942 se
1171 1875 1312 1963 cadcus3
1340 1899 1400 1964 op.

388 2014 525 2088 portuna
533 2049 543 2080 ‚
556 2019 621 2064 non
640 2011 834 2087 exaggerata
847 1995 987 2063 eruditio
999 2023 1008 2080 3
1019 1994 1091 2062 sine
1110 1993 1328 2062 ostentatione
1342 1989 1403 2064 (lo-

388 2116 514 2198 ctrina,
537 2114 608 2182 sine
636 2111 834 2182 scurrilitate
863 2114 977 2204 lepos,
1001 2103 1122 2202 ubique
1142 2109 1283 2200 denique
1307 2113 1402 2202 inge-

387 2252 470 2298 nuus
490 2228 548 2297 ille
567 2227 773 2318 antiquitatis
793 2227 899 2296 color.

431 2349 541 2437 Atque
560 2347 614 2414 liic
634 2346 767 2434 quidem
791 2346 917 2414 eminet
936 2345 969 2414 in
990 2344 1060 2438 ejus
1079 2344 1254 2435 praecipue
1275 2338 1400 2435 episto-

386 2467 445 2536 lis.
466 2466 528 2534 His
549 2467 686 2534 mirilico
705 2465 860 2534 delectati
880 2481 956 2538 sunt
974 2465 1206 2534 litteratissimi
1229 2457 1289 2532 riri
1301 2514 1310 2548 ,
1330 2463 1402 2554 qui-

385 2581 524 2651 buscum
557 2583 703 2651 exercuit
729 2583 787 2650 illc
814 2583 1001 2650 diutissime
1020 2583 1166 2651 eruditae
1194 2575 1281 2650 sitne
1308 2605 1400 2650 cnm-

386 2700 564 2770 mercium.
585 2700 668 2788 Quis
687 2697 862 2768 latinitatis
881 2701 1020 2769 candor!
1042 2713 1140 2792 quam
1160 2725 1241 2790 pura
1261 2723 1298 2769 ae
1314 2700 1398 2770 sim.

385 2818 464 2910 plex
483 2819 604 2890 dictio!
626 2844 725 2910 quam
755 2819 964 2912 exprimensl
992 2839 1091 2910 quant
1113 2819 1269 2890 venusta!
1296 2839 1333 2891 ut
1361 2850 1400 2895 ο.

385 2937 477 3006 mnia
494 2937 587 3006 brevi
606 2930 786 3028 praecidit!
807 2955 844 3006 ut
860 2939 900 3006 ad
920 2955 1069 3006 naturam
1090 2940 1217 3008 accedit
1235 2942 1269 3008 in
1294 2942 1400 3010 omui

384 3049 466 3132 bus,
481 3050 552 3139 ipsa
565 3051 665 3118 etiam
683 3067 842 3119 structura
862 3066 896 3119 et
909 3051 1121 3120 collocatione
1140 3053 1331 3122 verborum!
1348 3059 1400 3128 lta

385 3169 498 3239 Tullio
517 3166 657 3252 similis,
676 3184 712 3236 nt
729 3167 774 3236 sit
793 3169 894 3238 etiam
916 3171 1007 3238 illius
1035 3170 1229 3240 dissimilis.
1250 3175 1301 3242 Ita
1326 3173 1400 3270 ejus

384 3297 536 3350 naturam
551 3279 683 3365 induit,
702 3297 738 3349 ut
756 3305 820 3349 nou
840 3281 973 3352 amittat
987 3302 1099 3352 suam.
1120 3284 1257 3354 Paucis:
1287 3285 1401 3356 dicam

386 3401 428 3471 de
447 3401 500 3470 his
519 3399 688 3492 epistolis,
706 3401 793 3491 qnod
812 3402 893 3471 olim
913 3405 1030 3473 Brutus
1050 3405 1135 3495 apud
1155 3407 1308 3476 eumdem
1337 3405 1398 3474 Ci-

387 3538 538 3584 ccronem
558 3515 598 3584 de
617 3515 769 3586 Caesaris
792 3513 1059 3589 commentariis:
1081 3517 1241 3591 Homines
1263 3545 1285 3588 o
1310 3515 1397 3588 rcri-

385 3623 496 3697 hendo
512 3623 676 3697 deterruit
700 3630 713 3720 (
738 3631 753 3721 )
771 3683 780 3700 .
1391 3613 1395 3632 ⁵

671 3864 674 3868 ,
721 3837 1050 3870 fflmmffl

428 4003 478 4086 (ι)
498 4002 547 4066 De
565 4002 634 4066 clar.
656 4003 772 4067 Orator.
790 4024 855 4088 cap.
871 4004 980 4072 XXV.
