3259 4959
478 361 529 426 ρο,
550 361 734 424 rntuorsor
753 357 963 420 scannonrs
1147 341 1218 440 ,379

203 479 401 565 padernum,
428 480 600 572 plerosque
630 503 671 556 ex
700 479 767 563 iis,
793 481 851 570 qui
880 482 1029 551 Athenas
1059 481 1218 573 petebant

203 597 386 674 studiorum
415 619 532 680 causa,
549 577 625 672 cam
650 593 764 662 arbem
793 594 922 688 ingredi
952 613 1121 686 tamquam
1150 618 1220 672 mas

205 709 341 808 gistros,
360 711 396 778 in
415 733 457 780 es
478 708 599 780 versari
618 724 788 798 tamquam
814 708 1012 800 discipulos,
1029 709 1074 782 ab
1091 734 1131 780 ea
1149 712 1220 785 dis·

204 829 320 910 cedere
342 844 509 920 umquam
528 827 644 898 rudes.
672 827 770 896 Nihil
798 828 935 907 ulterius
954 829 1061 906 addc.
1085 833 1159 918 Quo
1183 807 1221 902 id

204 943 386 1047 pertineat,
416 943 635 1034 unusquisque
661 942 842 1032 intelligit.
865 944 1009 1016 Tantam
1029 943 1096 1012 sibi
1122 947 1223 1017 Joans
1555 975 1590 1062 f

204 1079 263 1138 nes
286 1056 478 1126 Franciscus
508 1055 789 1145 existimationem
815 1027 971 1156 pepe'iat!
994 1079 1094 1146 quam
1113 1079 1223 1124 corro-
1240 1025 1550 1148 Xs'estmm

204 1171 334 1244 botarit
353 1175 460 1244 adbuc
489 1175 594 1244 multo
620 1174 743 1250 {innius
762 1174 900 1262 optimis
928 1173 1021 1243 libris
1040 1173 1162 1259 editis,
1189 1189 1225 1244 et

204 1290 355 1372 extendit
386 1287 546 1380 usquead
565 1288 703 1356 ultimae
723 1287 926 1377 posteritatis
945 1287 1119 1367 notitiam.

250 1413 293 1478 Et
320 1409 407 1498 quod
435 1409 478 1491 ad
506 1407 687 1488 editionem
715 1407 849 1488 illorum
877 1406 1042 1498 pertinet,
1073 1406 1218 1490 breviter
1328 1400 1330 1403 ⁵

206 1547 277 1606 rem
298 1527 460 1616 expedio.
481 1526 675 1615 Adscriptus
694 1525 752 1594 iile
767 1521 873 1604 fuerat
891 1525 1092 1606 Academiae
1116 1526 1226 1608 rhodia

207 1648 320 1740 ginac,
340 1648 452 1737 ibique
472 1645 719 1724 dissertationes
741 1646 885 1728 medicas
905 1645 1117 1714 recitaverat.
1130 1647 1226 1733 Quae

207 1760 526 1850 ,scripseratmtatuit
544 1759 579 1828 in
600 1781 775 1842 commune
799 1758 923 1836 bouum
938 1755 1103 1849 proferte,
1123 1758 1225 1850 idque

210 1871 349 1976 perfecit
370 1874 513 1966 primum
534 1896 620 1954 anno
644 1871 730 1964 1746
748 1871 927 1952 seminarii
946 1873 1095 1962 patavini
1115 1875 1222 1964 typis,

210 1989 350 2072 offerens
371 2017 428 2082 per
444 1992 621 2086 epistolam
640 1993 688 2062 rei
709 1992 890 2070 litterariae
919 1991 1100 2070 triumviris
1119 2016 1225 2084 opus,

208 2112 295 2202 quod
315 2128 487 2182 ornaverat
504 2111 567 2194 hoc
587 2110 699 2178 titulo:
719 2102 908 2199 Apborisrni
927 2108 970 2208 de
986 2108 1227 2200 cognoscendis

211 2237 246 2299 et
275 2228 433 2298 curandis
460 2223 586 2298 morbis
596 2281 607 2312 ,
641 2223 819 2306 uberrimis
846 2225 1098 2308 commentariis
1125 2236 1229 2318 atque

208 2339 552 2422 animadversionibus
571 2335 757 2432 illustrati,
777 2335 897 2430 quibus
925 2337 1138 2429 quaestiones
1155 2338 1228 2415 sin..

210 2457 330 2550 gulae,
349 2483 434 2548 quae
451 2468 525 2528 turn
543 2459 579 2528 t'n
597 2457 763 2530 theoriam
773 2509 784 2543 ,
803 2468 877 2528 turn
904 2458 939 2526 in
965 2456 1100 2550 praxim
1117 2455 1230 2529 medi·

209 2595 285 2647 carn
308 2569 433 2641 cadunt
450 2569 553 2652 bodie
578 2570 725 2642 rnaxirue
760 2569 929 2656 illustres,
955 2569 1072 2641 sedato
1096 2584 1230 2664 pertra-

210 2699 365 2773 ctantur,
393 2687 704 2778 discutiuntnrque.
730 2689 839 2764 Labor
867 2690 1046 2778 plurimum
1075 2715 1111 2760 se
1137 2714 1230 2774 com·

211 2808 349 2888 tuendat
366 2808 511 2876 utilitate
531 2809 784 2899 quaestionum,
804 2833 843 2878 ac
864 2833 973 2878 rerum
1000 2808 1135 2878 ordine.
1164 2813 1232 2892 To·

213 2937 284 3004 tum
304 2940 532 3013 argumentum
552 2921 711 2992 dividitur
730 2923 765 3006 in
786 2939 853 2992 tres
881 2938 1012 3013 partes,
1036 2945 1094 2992 teu
1121 2924 1232 3014 potius

211 3037 334 3120 libros.
364 3040 407 3106 Et
426 3036 460 3120 in
480 3037 588 3127 primo
612 3037 747 3130 quidem
775 3038 921 3108 Joannes
948 3037 1140 3106 Franciscus
1163 3037 1231 3131 agit

212 3147 257 3220 de
285 3146 411 3226 morbis
433 3147 579 3240 capitis;
608 3150 711 3224 altero
738 3150 931 3239 complexus
959 3165 1012 3218 est
1034 3149 1231 3238 praecipuos

212 3260 346 3347 rnorbos
361 3262 528 3356 perrorat·
548 3264 583 3333 in
604 3263 700 3334 tertio
718 3261 761 3334 de
779 3260 908 3336 morbis
926 3262 1060 3345 disserit
1078 3259 1141 3330 imi
1159 3286 1232 3340 ,νεη-

214 3372 298 3458 tris.
319 3377 358 3444 In
379 3374 432 3442 his
452 3377 566 3466 paucis
585 3375 682 3461 offert
701 3377 905 3446 medicorum
925 3376 1048 3465 placita
1067 3377 1246 3465 pertinen·-

218 3491 266 3578 tia
286 3493 329 3562 ad
347 3491 478 3564 morbos
503 3492 669 3582 singulos,
695 3493 961 3576 observationes,
990 3492 1154 3570 doctrinas
1178 3493 1232 3562 vi·

217 3629 327 3676 rorum
357 3605 487 3688 medica
513 3601 668 3688 ¹facultate
695 3605 954 3696 praestantium,
982 3621 1051 3686 tum
1083 3607 1231 3677 remedia

218 3720 371 3804 curandis
391 3720 536 3807 morbis,
560 3721 739 3814 dequibus
768 3721 894 3811 agitur,
913 3737 1113 3812 opportuna,
1141 3721 1231 3793 Scri-

219 3836 322 3908 bendi
351 3860 469 3904 munus
492 3819 660 3927 aggressus
689 3835 894 3928 propositum
922 3835 1010 3928 illud,⁴
1030 3836 1147 3917 babuit
1165 3837 1229 3928 (ut

222 3954 296 4048 ipse
317 3953 459 4047 qffirmat
474 3955 489 4048 )
499 4007 515 4050 ,Ι
531 3957 673 4038 tironum
701 3957 879 4050 praecipue
898 3954 1078 4036 rationibus
1103 3953 1233 4050 prospi-
