3259 4959
1171 361 1190 393 ss

552 383 701 446 returns
720 385 894 442 susurru
1171 363 1239 463 039

216 499 350 582 larrrlutn
381 503 446 582 sibi
474 527 685 605 proposuerat
705 510 880 602 praecipua
900 530 998 593 cura,
1027 497 1140 576 labore
1170 509 1236 578 irn.

218 633 351 726 probo«
380 632 550 723 Quidquid
583 628 719 715 scribit,
746 633 788 702 ad
822 655 896 700 caru
935 627 1099 700 refertur.
1132 628 1235 702 Stilus

216 746 340 829 etiam,
358 767 422 836 quo
442 746 543 816 utitur
561 745 594 812 in
609 745 807 828 scribendo,
820 747 886 814 olet
913 745 1146 834 antiquitatem
1161 743 1235 812 bar·

215 861 385 935 baritum.
407 867 524 955 Neque
543 864 663 932 miror.
684 866 732 934 Ut
750 864 841 934 errirn
862 889 946 955 utprra
966 875 1145 948 terrarum,
1175 887 1233 954 per

216 1007 298 1072 quas
317 984 409 1067 fluit,
430 985 537 1053 colore
556 985 720 1068 inlicitur,
739 983 787 1053 sic
807 984 877 1076 eius
898 981 1000 1052 dictio
1019 981 1131 1052 nescio
1155 983 1234 1071 quill

215 1113 381 1170 vetustum
403 1121 440 1169 ac
459 1102 568 1189 rude(
587 1079 674 1191 quod
697 1101 727 1170 is
753 1101 957 1192 praelerebat
977 1117 1009 1170 et
1030 1095 1173 1191 habitu)
1192 1124 1235 1170 ex

212 1214 344 1284 assidua
364 1216 555 1305 sequiorem
579 1230 765 1306 temporum
790 1217 1045 1300 cousuetudiuc,
1066 1241 1103 1284 oc
1123 1235 1233 1286 rorum

215 1327 410 1396 tractatione
430 1343 657 1396 contraxerat.
682 1326 728 1396 At
746 1350 829 1417 quae
855 1329 1009 1418 scripsit,
1028 1327 1165 1398 arrisere
1186 1337 1238 1405 vel

218 1445 368 1516 maxime
385 1444 491 1512 doctis
510 1443 609 1513 virise

262 1563 301 1631 In
323 1561 374 1628 his
403 1559 544 1648 epistola
571 1560 614 1627 atl
641 1557 801 1630 Jaoohurn
830 1557 1029 1630 Marcellum
1058 1557 1234 1649 patriciuur

220 1694 374 1748 venetum
393 1679 437 1748 do
454 1677 582 1769 nuptiis
599 1677 812 1769 Pompouatir'
831 1673 1081 1771 philosoplri,ca
1103 1677 1239 1772 quidem

217 1809 325 1863 aetate
352 1791 515 1879 celebris,
538 1789 596 1862 aed
631 1794 810 1864 laborantis
831 1777 872 1862 ert
900 1789 1086 1886 suspicione
1113 1795 1237 1866 doctri.

214 1929 277 1980 nae
296 1933 438 2003 prauae.
459 1909 497 1981 Iu
519 1935 556 1980 ea
574 1914 679 1982 multu
699 1925 795 1999 suut,
825 1935 909 2004 quae
940 1910 981 1984 ad
1002 1912 1102 1986 vitatu
1133 1917 1238 2006 perti-

212 2048 292 2100 nent
309 2028 458 2124 ejrudem
475 2033 710 2122 Pomponatii,
733 2051 768 2101 et
795 2033 838 2102 ad
865 2032 1017 2104 hominos
1036 2030 1078 2102 iis
1108 2049 1240 2126 tempo*

216 2147 306 2218 tibus
325 2146 511 2216 litteratura
531 2148 700 2214 florentes.
721 2147 806 2214 Curn
828 2147 944 2212 cadem
965 2141 1139 2215 Brunatius
1159 2149 1235 2240 juu-

215 2261 266 2328 rtit
281 2260 420 2328 latinum
439 2277 572 2328 carmen
592 2280 613 2326 a
631 2278 667 2326 se
687 2259 854 2327 detectum
865 2311 875 2344 ‚
892 2259 984 2351 cujns
1006 2261 1094 2328 nulla
1113 2279 1238 2328 nicrum

218 2367 266 2441 ris
286 2374 460 2456 exstabat,
476 2371 729 2460 epithalamium
749 2372 876 2442 scilicet
895 2373 1022 2466 jamdiu
1040 2371 1165 2444 editum
1183 2377 1238 2446 lra-

214 2517 286 2562 rurn
313 2494 461 2582 ipsarum
491 2492 680 2581 nuptiarum
706 2511 804 2560 causa
830 2493 872 2561 ab
901 2494 1030 2564 unerea
1057 2490 1234 2564 Moneuico

216 2605 362 2717 patricio¹
386 2625 523 2680 reuetor
553 2607 703 2702 Epistola
731 2632 806 2681 cum
836 2615 982 2682 carmine
1003 2609 1126 2702 publici
1155 2615 1235 2707 juris

216 2729 302 2798 faeta
320 2732 506 2799 continetur
524 2731 558 2798 in
579 2722 781 2819 praefatione
800 2725 897 2798 Turn.
926 2729 1005 2800 XLI
1029 2727 1234 2803 collectionis

216 2845 474 2937 Calogerianacr
495 2847 533 2913 In
553 2867 593 2914 ea
612 2845 685 2935 ipsa
704 2869 741 2914 se
759 2843 901 2914 offerunt
926 2861 1091 2934 praetereo
1115 2846 1236 2932 multa,

213 2960 370 3050 pleraque
392 2960 539 3027 nonduin
555 2959 665 3043 edita,
684 2983 769 3048 <ptrue
788 2960 944 3030 historiae
961 2963 1138 3030 litterariae
1155 2984 1232 3030 curn

213 3079 388 3168 patariuae
412 3091 481 3145 turn
497 3093 632 3147 rcuctao
646 3079 852 3169 inserviunt(
860 3081 912 3168 1).
928 3079 1056 3167 Quibus
1071 3074 1151 3146 haec
1165 3079 1234 3170 epi·

214 3194 298 3260 stola
320 3191 452 3276 arrisit,
474 3190 497 3260 ii
522 3212 587 3260 non
608 3201 761 3283 poterunt
780 3217 844 3261 uuu
866 3193 1021 3264 delectari
1052 3195 1236 3280 etaltera,

141 3404 145 3412 .
218 3327 282 3400 qua
301 3306 475 3379 Brunatius
500 3308 732 3382 illustrandum
755 3313 901 3404 suscepit
920 3311 1135 3382 Borretlictutu
1164 3315 1237 3403 Ty.

216 3429 363 3497 riarum.
384 3425 506 3498 Narrat
525 3433 611 3499 huuc
631 3435 791 3501 Mantuae
811 3450 950 3518 uatum,
971 3429 1004 3500 iu
1027 3431 1161 3521 publico
1181 3455 1237 3522 pa·

217 3542 327 3612 turino
356 3547 466 3632 Lyceo
496 3543 740 3633 philosophiam
761 3546 928 3636 accepisse
949 3569 967 3613 u
987 3547 1166 3635 Trapoliuo
1200 3561 1234 3618 et

215 3659 432 3756 Pompouatio
441 3709 451 3747 ,
468 3678 537 3732 turn
556 3655 657 3732 fuisse·
677 3659 817 3733 doctoris
832 3663 942 3734 laurea
959 3665 1234 3756 insignitum‚lo·

561 3863 893 3899 umfflmmmmm

259 4042 314 4130 (r)·
328 4035 555 4107 Mazzuclrellios
573 4036 643 4112 Vols
664 4039 703 4106 ll.
723 4038 755 4104 P.
777 4038 822 4109 Ν
843 4057 912 4126 pag.
931 4043 1021 4120 216).
