3259 4959
387 316 458 396 ado
859 325 945 380 rm

298 515 309 546 χ,
387 463 438 528 ret
451 502 460 522 .
475 437 605 526 Eruditi
621 447 706 536 viri,
721 447 895 540 dequibus
914 463 1029 532 antea,
1041 443 1309 516 dissertationem
1315 445 1413 526 banc

387 574 424 646 in
442 573 543 642 breve
572 568 737 660 quoddam
764 567 920 658 redegere
947 561 1204 655 compendium,
1222 563 1409 658 judicantes

389 691 543 763 eamdem
563 688 674 779 aliqua
700 710 744 758 ex
768 702 861 778 parte
881 707 977 776 posse
995 671 1176 776 majorem,
1195 707 1294 778 quam
1321 684 1409 754 alte·
1431 731 1434 734 -

389 829 460 875 ram
475 857 486 891 ,
503 802 729 873 curiositatem
749 799 942 893 incendere.
961 797 1074 868 Aliam
1094 807 1262 888 praetcrea
1276 798 1410 870 doctam

390 937 424 991 et
459 920 623 991 eruditam
661 917 927 990 dincrtationem
959 915 1072 985 emisit
1102 914 1151 986 sic
1186 915 1410 1008 inscriptam:

390 1069 409 1104 s
431 1038 535 1130 Supra
553 1039 565 1108 i
587 1038 723 1108 torrenti
734 1067 754 1103 s
771 1065 782 1123 3
800 1035 837 1106 in
857 1059 921 1127 qna
941 1035 1153 1124 doipsorum
1167 1050 1283 1106 natura
1301 1034 1410 1106 diese-

389 1167 466 1221 tene
484 1169 519 1223 et
535 1151 683 1243 origine,
700 1152 805 1222 multa
825 1151 866 1220 de
886 1172 1044 1241 aquarum
1065 1173 1159 1220 eursu
1178 1149 1294 1244 adjicit
1321 1151 1407 1220 scitu

390 1266 510 1358 digna.
529 1269 590 1338 Est
607 1265 690 1335 baec
708 1264 744 1333 in
767 1263 874 1350 libro,
892 1262 948 1355 qui
968 1263 1016 1332 sic
1043 1262 1255 1334 inscribiturc
1273 1295 1295 1330 n
1318 1267 1407 1336 Rac-

391 1410 411 1448 s
434 1383 521 1452 coita
538 1381 573 1451 di
592 1378 722 1464 autori,
739 1377 803 1450 che
821 1393 964 1447 trattano
982 1374 1058 1448 dell'
1073 1398 1176 1466 acque
1193 1407 1239 1446 n.

433 1499 496 1570 His
511 1502 559 1570 ita
572 1498 779 1584 constitutis,
797 1495 946 1568 veritatis
962 1496 1163 1590 detegendos
1182 1496 1345 1568 studiosus
1364 1496 1408 1570 ad

387 1615 620 1706 inquirendum
636 1612 842 1705 aggreditur,
855 1611 934 1702 quid
949 1609 1014 1680 sibi
1027 1609 1212 1681 adscribere
1228 1635 1321 1681 casos
1334 1637 1409 1702 pos·

386 1732 448 1817 sit,
459 1731 495 1802 in
509 1747 558 1803 tot
575 1731 787 1804 scientiarum
807 1730 993 1823 artiumque
1012 1729 1174 1802 inventis.
1192 1730 1241 1800 Ac
1258 1731 1404 1821 primum

385 1845 533 1937 quaerit,
552 1869 637 1937 quae
654 1845 747 1936 origo
763 1861 798 1915 ct
815 1845 945 1916 indoles
969 1868 1062 1914 cesus
1081 1843 1142 1932 sit}
1154 1869 1238 1935 quae
1258 1867 1405 1916 necessa-

390 1959 441 2030 rio
457 1958 724 2051 requirantur,ut
741 1958 808 2028 dici
831 1959 933 2050 possit
943 2011 954 2046 ,
975 1958 1099 2052 aliquid
1119 1983 1196 2028 casu
1217 1959 1308 2048 bori3
1327 1959 1409 2050 quid

387 2083 485 2146 casus
501 2099 576 2145 cum
596 2091 665 2144 arte
684 2073 793 2144 valeat
811 2070 940 2144 efficere
953 2124 961 2142 .
974 2074 1053 2144 Post
1069 2073 1113 2146 ad
1132 2073 1292 2144 humanae
1312 2097 1403 2146 rnen·

388 2193 433 2262 tis
458 2193 608 2264 notiones
635 2191 793 2282 ideasque
821 2191 1013 2280 descendit3
1031 2213 1208 2284 quaecum
1228 2193 1294 2261 sint
1320 2193 1406 2262 inter

387 2329 428 2376 se
445 2306 625 2396 plurimum
642 2308 803 2376 carimate
831 2304 1011 2376 dissimiles
1026 2358 1037 2392 ,
1052 2327 1189 2376 numero
1208 2307 1303 2400 quasi
1330 2307 1406 2377 inti-

388 2419 480 2490 nitae
491 2473 505 2506 ,
522 2443 626 2491 nexae
645 2419 797 2490 simulet
816 2419 1028 2510 implicatae,
1047 2438 1080 2491 et
1107 2419 1287 2492 referamur
1313 2420 1406 2490 insu-

319 2524 328 2543 ’
362 2623 367 2630 .
390 2555 452 2622 per
471 2533 514 2602 ad
533 2534 697 2626 plurima,
712 2533 934 2624 intelligentia
957 2535 1192 2626 comprehendi
1220 2552 1405 2628 nequeunt.

392 2651 481 2722 Hinc
499 2653 612 2745 patefit
630 2652 719 2723 casui
739 2653 849 2723 aditus
869 2669 903 2724 et
917 2651 1090 2734 fortunae.

437 2773 490 2842 Ad
509 2789 694 2873 extremum
712 2798 788 2844 cnm
814 2773 859 2844 iis
885 2776 1110 2866 congreditur,
1130 2776 1187 2869 qui
1219 2777 1305 2847 banc
1331 2777 1408 2870 pui-

317 2925 323 2935 ·
390 2889 591 2960 cherrimam
610 2890 725 2960 mundi
745 2889 870 2959 molem
881 2887 1014 2960 fortuito
1034 2892 1146 2977 casui,
1164 2914 1263 2962 cacco
1279 2891 1407 2962 scilieet

388 3008 575 3100 principio,
601 3009 788 3100 affingunt,
818 3026 852 3078 et
879 3009 941 3078 boc
968 3033 1046 3100 prae
1065 3009 1182 3082 ceteris
1209 3031 1402 3100 argumento

387 3123 530 3213 dissipat
548 3122 759 3194 delirantium
789 3125 939 3194 somnia.
968 3126 1088 3196 Probat
1106 3127 1260 3196 nimirum
1287 3151 1403 3198 casum

389 3260 498 3334 neque
517 3244 693 3332 materiae,
719 3267 826 3336 neque
856 3261 983 3332 motus,
1003 3269 1109 3337 neque
1127 3246 1257 3338 legum,
1284 3245 1405 3340 quibua

390 3362 514 3454 regitur
532 3361 623 3434 idem
643 3382 769 3450 motus,
783 3388 890 3458 neque
908 3365 1049 3436 inertiae
1067 3365 1231 3436 auctorem
1251 3366 1318 3436 ulio
1337 3389 1409 3435 rno-

388 3475 435 3547 do
460 3499 533 3547 esse
559 3501 675 3569 posto.
699 3477 832 3571 Ubique
860 3479 1048 3572 ingeniosae
1078 3479 1260 3571 imagines,
1279 3477 1405 3572 ubique

388 3620 473 3688 opes
490 3596 705 3689 depromptae
724 3624 745 3669 a
761 3599 910 3694 physicis
920 3651 932 3688 ,
943 3598 1199 3691 metaphysicis,
1218 3597 1405 3670 mathema-

394 3710 472 3780 ticis
490 3711 708 3806 disciplinis(
733 3716 766 3804 ).

602 3859 613 3870 “
736 3855 1066 3886 mmm*

405 3915 516 4017 ω»
538 3937 627 4000 ‘rurs
652 3910 748 4021 ,aaa
774 3938 889 4002 senemr
913 3939 1090 4026 sumpno
1115 3957 1169 4024 ps
1194 3933 1355 4000 mutes
1380 3937 1442 4044 qt¹
