3259 4959
398 322 445 431 n

447 472 511 551 Hit
527 474 573 549 ilo
589 474 775 549 constitutis
793 472 1013 547 Seminarium
1030 472 1177 550 maxime
1192 470 1414 577 llornit,eitto·

401 618 468 689 que
485 612 605 665 n'omen
623 595 777 665 inclnrnit
796 618 870 662 curn
891 593 976 685 opud
996 616 1110 663 ornnes
1124 593 1415 687 ricinorpopolos,

402 730 472 781 torn
501 708 588 801 opud
613 727 743 779 exteros
763 723 831 778 toto
851 708 948 779 ltalia
977 725 1011 777 et
1028 709 1114 777 ultra
1131 706 1234 779 etiam
1261 709 1412 803 ejusdem

280 812 288 824 ⁸
400 826 503 895 liner.
527 824 615 895 Satio
641 822 810 895 habebant
836 822 988 893 hominen
1015 822 1087 917 cios
1106 823 1264 915 temporie
1292 846 1414 910 nosce,

402 944 548 1035 aliquem
576 968 618 1015 ex
645 943 824 1016 Seminarii
848 943 995 1035 patavini
1023 944 1201 1035 disciplina
1229 944 1411 1035 profectum

400 1064 522 1138 fuisso.
541 1062 620 1143 Non
640 1064 728 1137 ultra
747 1065 942 1159 inquirendo
962 1062 1270 1157 progrediebantur.
1296 1068 1412 1156 Ipsum

395 1185 487 1256 illico
506 1188 618 1259 rirurn
639 1186 778 1288 probum
798 1200 833 1256 et
850 1186 1032 1259 litteratum
1051 1183 1231 1278 potabant.
1250 1185 1289 1255 ld
1309 1208 1412 1253 onnrn

399 1301 549 1371 maximo
572 1303 836 1375 commendatio.
866 1304 1075 1375 Gneoonros
1096 1300 1210 1392 itaque
1236 1300 1283 1367 rei
1314 1296 1416 1389 boine

399 1420 543 1490 utilitate
572 1436 762 1512 perspecte,
790 1417 899 1488 edixit
925 1440 961 1487 re
980 1414 1065 1487 velle
1082 1417 1119 1485 in
1140 1428 1306 1508 posterum
1335 1438 1416 1506 pro-

399 1554 532 1604 movero
550 1536 589 1604 ad
605 1558 712 1603 sacros
731 1534 923 1619 ordineo,et
940 1532 983 1601 ad
997 1531 1285 1617 ecclesiactica,ot
1299 1530 1415 1624 ajunt,

399 1644 560 1717 beneficia
592 1672 647 1715 cos
678 1664 828 1731 tantum,
855 1647 911 1737 qni
939 1646 1068 1716 educati
1094 1646 1188 1737 prino
1210 1645 1349 1715 luissent
1373 1646 1413 1714 in

397 1766 602 1851 seminario,
622 1765 678 1833 nbi
699 1766 810 1855 plures
829 1761 1013 1834 liberaliter
1028 1766 1102 1857 ipre
1121 1764 1233 1835 alebat
1251 1765 1321 1833 ruit
1342 1766 1416 1834 int-⁴

394 1886 528 1978 pensis.
548 1887 625 1957 Non
644 1886 720 1955 ideo
740 1902 852 1954 tamen
871 1886 1055 1976 promiscue
1070 1906 1187 1955 'ornnes
1206 1884 1412 1976 recipieban-
1519 1926 1522 1929 ·

394 2014 448 2068 tur
466 2000 537 2068 sine
557 2000 700 2069 delectu.
735 1999 764 2070 Ii
788 2000 895 2069 solnm
926 1999 1196 2069 adscribebantur
1220 1997 1308 2069 inter
1335 1999 1411 2069 eln-

393 2126 508 2203 moos,
521 2119 578 2209 qui
602 2135 636 2187 et
654 2118 803 2209 egregiae
824 2117 957 2208 pietatis
977 2142 1056 2208 prae
1074 2140 1110 2186 se
1129 2115 1251 2186 ferrent
1263 2117 1411 2201 indicia,

395 2252 429 2307 et
448 2236 574 2327 aliquid
590 2260 654 2305 non
671 2238 803 2329 vnlgnrc
815 2236 1047 2327 pollicerentur
1063 2237 1105 2307 de
1116 2235 1249 2329 ingenio
1262 2230 1321 2305 nio
1334 2237 1412 2327 (ι),

394 2350 449 2422 Ad
469 2350 503 2420 id
523 2351 780 2420 confirmandum
800 2351 980 2441 plurimum
1000 2353 1089 2421 valet
1103 2351 1190 2443 quod
1208 2351 1342 2442 scripsit
1358 2351 1412 2419 vir

397 2466 511 2555 magni
539 2466 705 2550 nominio;
723 2466 881 2534 clericum
910 2465 1038 2535 scilicet
1055 2466 1167 2536 neseio
1184 2485 1284 2557 quem
1312 2492 1331 2535 a
1355 2466 1411 2535 Se·

396 2582 542 2681 ruinario
561 2584 736 2653 dimissum
757 2582 877 2667 refert,
896 2584 983 2672 qnod
1002 2586 1044 2652 od
1067 2585 1175 2651 studio
1196 2584 1335 2652 minime
1357 2581 1411 2649 vi·-

398 2706 530 2775 deretor
548 2701 706 2787 idoneus,
730 2700 786 2791 qui
803 2715 914 2768 tomen
933 2700 969 2767 in
988 2722 1047 2768 roa
1074 2698 1215 2767 dioecesi
1238 2697 1301 2767 tuit
1317 2698 1412 2769 habi-

396 2836 451 2889 tor
479 2842 542 2887 non
571 2816 735 2889 indoctior
762 2814 836 2908 (o).
864 2816 952 2883 Tam
978 2813 1120 2906 diligent
1139 2812 1322 2884 habebatur
1348 2812 1408 2884 de·

395 2930 500 3003 lectus
514 2934 522 3002 l

445 3054 495 3123 Ac
515 3074 556 3120 ne
575 3076 719 3143 unquam
741 3050 922 3121 studiorum
942 3048 1124 3140 praefectos
1144 3047 1289 3135 facilins,
1311 3076 1410 3143 qnam

395 3192 458 3261 par
479 3183 586 3253 esset,
606 3167 797 3236 admitteret
815 3164 1024 3249 candidatos,
1038 3166 1217 3236 Gneconrr
1235 3163 1326 3257 jussu
1341 3191 1410 3236 cer·

396 3298 432 3349 ta
457 3280 600 3372 quadam
629 3279 781 3350 utebatur
797 3296 897 3365 noto,
925 3278 1036 3348 eidem
1051 3276 1098 3345 ob
1117 3277 1191 3369 ipro
1218 3279 1408 3351 Gnrtconro

396 3396 535 3485 tradita,
554 3424 592 3469 oc
620 3414 747 3469 tanturn
775 3399 905 3492 utrique
923 3397 1055 3491 cognita
1080 3398 1156 3490 (3).
1173 3396 1228 3469 sic
1246 3396 1305 3467 ille
1333 3398 1408 3491 pla-

736 3574 1067 3603 ΜΜΜΜΜ

438 3678 675 3758 (1)Frrnronnr
702 3678 733 3739 in
761 3679 846 3763 epist.
865 3677 903 3739 de
920 3678 981 3738 rito
1009 3692 1039 3740 et
1059 3676 1162 3739 stodiis
1189 3675 1294 3739 Jacobi
1319 3676 1407 3741 Jaco-

400 3779 495 3846 bclti.
517 3798 547 3848 et
566 3788 634 3847 Act.
655 3790 735 3849 beat.
751 3788 794 3849 Τ.
815 3787 872 3851 Ν.
889 3786 1027 3848 summer.
1042 3807 1109 3871 pag.
1129 3802 1198 3869 219·
1219 3786 1290 3849 23².

438 3889 491 3966 (2)
514 3888 590 3950 lbirl.
609 3892 651 3951 T.
673 3891 712 3951 Il.
727 3891 867 3953 summor.
887 3908 953 3971 pag.
973 3896 1042 3970 274.

439 3992 491 4073 Ι(ὅ)
511 3989 588 4056 lbid.
605 3992 649 4056 T.
667 3992 724 4062 tv.
738 3992 879 4057 Sumnar.
894 4008 964 4075 pag.
984 3990 1055 4074 296.
