3259 4959
572 336 761 390 menaeus
779 339 878 393 nun
1180 325 1229 401 δι
1289 359 1290 362 ¹

212 445 315 521 atalia
332 462 422 536 erat,
441 463 478 520 ut
490 471 571 523 oum
589 451 699 544 ipsum
720 470 847 528 tanturn
867 449 1017 556 audires,
1042 479 1108 532 non
1127 463 1232 534 modo

173 611 177 616 -
211 585 407 640 »contentus
425 591 534 658 esses,
550 569 609 642 sed
628 571 750 644 melius
767 597 833 642 nun
853 551 1029 666 maereret
1036 601 1046 648 s
1058 601 1134 650 eum
1148 605 1231 660 vero!

209 681 393 775 »quosdam
412 681 560 770 audires,
579 683 636 775 qui
656 701 727 756 turn
745 702 839 759 erant
856 703 1082 778 praestantes,
1100 691 1233 776 ridere-1

208 811 286 866 stur
311 793 447 867 inferior
463 827 498 868 n.
525 797 646 892 Neque
673 799 826 871 mirum.
857 801 1098 876 Difficultatem
1128 823 1229 900 auget

209 915 438 1006 temperatio.
952 919 956 926 ’

251 1036 329 1107 Jarn
346 1058 424 1107 raro
443 1035 577 1128 scripsit
594 1036 718 1109 Verius
736 1061 812 1108 eum
833 1039 916 1110 viris
932 1041 1100 1128 doctrina,
1127 1041 1222 1135 inge-

204 1154 282 1241 nio,
315 1155 505 1246 emditione
531 1154 792 1246 praestantibus.
818 1158 905 1236 Cum
933 1159 986 1232 his
1013 1160 1066 1230 illi
1094 1160 1130 1230 in
1157 1161 1221 1234 hoo

205 1293 305 1341 musa
322 1267 416 1359 quasi
436 1265 599 1359 quaedam
618 1268 785 1343 contentio
803 1267 885 1355 fuit,
904 1271 1062 1354 etserasit
1080 1272 1148 1341 illis
1167 1297 1227 1344 su-

205 1386 335 1480 perior.
355 1385 480 1474 Quanti
499 1385 648 1456 tamdem
665 1387 754 1458 istud
772 1386 963 1458 habendum
982 1391 1057 1460 est?
1083 1391 1225 1460 Praeva-

117 1593 121 1598 .
204 1503 270 1574 luit
287 1503 453 1572 sententia
470 1502 591 1588 Varii,
607 1519 681 1572 tum
697 1499 836 1596 quidem
854 1505 1077 1598 theologorum
1102 1504 1222 1584 suffra-

205 1620 270 1714 giis
278 1673 289 1707 ,
307 1619 489 1691 novissime
507 1636 622 1690 autem
638 1620 809 1692 Ecclesiae
826 1621 952 1718 ipsius,
971 1646 1055 1714 quae
1075 1618 1146 1692 salli
1166 1645 1222 1694 no-

203 1739 295 1830 quit,
323 1737 453 1808 oraculo
479 1737 691 1828 comprobata
718 1737 793 1830 (r).
821 1741 902 1810 Erat
921 1739 1038 1810 eadem
1068 1755 1103 1808 et
1120 1757 1219 1812 antea

204 1851 340 1943 quidem
367 1849 578 1937 firmissima,
605 1866 720 1942 utpote
744 1875 837 1943 quae*
858 1851 975 1922 solidis
994 1849 1219 1924 fundamentis

202 1962 318 2039 innixa
328 1964 466 2052 protasi
487 1982 602 2041 tamen
618 1965 728 2036 adhue
745 1964 782 2034 in
799 1965 941 2046 dniaium
959 1981 1106 2057 poterat:
1132 1989 1219 2044 nuno

199 2102 334 2148 omnem
357 2078 491 2148 sustulit
507 2079 578 2150 lata
594 2076 761 2148 sententia
779 2077 957 2156 tumultum
978 2081 991 2167 (
1018 2079 1052 2168 ).
1107 2161 1117 2170 Δ,

245 2192 282 2262 si
308 2192 372 2260 hoo
397 2214 500 2260 unum
528 2189 570 2258 de
598 2187 807 2273 tamesim,
836 2207 898 2256 nee
927 2187 1018 2262 aliud
1047 2206 1218 2279 praeterea

200 2308 382 2400 quidquam
398 2305 566 2396 cognitum
578 2305 790 2391 haberemus,
802 2321 891 2394 esset
905 2303 940 2374 id
953 2304 995 2374 ad
1009 2306 1219 2386 excitandam

196 2423 236 2496 in
255 2448 333 2502 eum
350 2423 605 2502 admirationem
623 2425 724 2508 satis,
739 2439 773 2494 et
786 2423 830 2494 ad
848 2422 1147 2502 commendandum
1162 2421 1217 2494 vel

197 2539 337 2610 ultirme
355 2536 542 2630 posteritati
561 2536 633 2636 eius
651 2560 793 2620 nomen.
811 2537 879 2642 Sed
897 2559 964 2606 non
982 2535 1101 2608 desunt
1124 2553 1159 2606 et
1177 2560 1215 2606 a-

198 2652 267 2724 liae
284 2653 420 2724 laudes.

241 2772 374 2842 Praeter
390 2785 538 2862 systema
555 2768 752 2863 piryeiuum,
781 2768 823 2841 de
851 2793 916 2863 quo
935 2785 1051 2858 antea,
1080 2769 1214 2863 scripsit

194 2912 326 2981 quoque
344 2889 409 2962 adia
429 2891 534 2960 latino
556 2913 708 2962 sermone
727 2908 762 2965 et
780 2891 882 2976 italo,
897 2915 972 2962 curn
985 2889 1086 2982 ligata
1101 2911 1213 2958 nume-

193 3006 261 3090 ris,
290 3021 359 3078 tum
377 3007 504 3095 soluta3
535 3031 575 3078 ea
593 3009 776 3079 delectatus
803 3009 917 3100 poesi,
946 3031 1032 3100 quae
1049 3006 1213 3098 plurimas

193 3144 272 3212 prae
290 3145 326 3191 se
344 3120 443 3191 ferret
460 3120 643 3213 imagines,
663 3122 839 3214 aliquando
868 3147 934 3193 nou
954 3123 1027 3194 siue
1047 3119 1209 3208 audacia,

191 3255 238 3308 ex
252 3235 375 3312 neuun
392 3233 522 3316 nificat
538 3236 716 3328 superioris
733 3236 867 3329 ingenio
877 3287 889 3320 .,

535 3463 870 3510 mmmmm

233 3638 283 3718 (r)
303 3637 357 3697 Est
378 3635 455 3703 euim
472 3633 657 3708 senserimus
676 3635 824 3718 beatorum
840 3637 936 3716 fastis
955 3639 1115 3725 adscriptus
1123 3651 1134 3704 .'

232 3745 282 3822 (a)
301 3743 522 3805 Pulcherrimam
542 3743 771 3807 dissertationem
788 3767 869 3810 suam
881 3748 987 3814 Verius
1007 3747 1208 3832 stimulans·

189 3850 353 3932 exemplum
365 3850 399 3918 ‚in
411 3851 566 3922 seminarii
577 3854 707 3938 patarini
724 3853 901 3928 bibliothece
914 3868 1044 3931 servatur
1059 3875 1125 3932 eura
1140 3855 1209 3922 aliie

189 3950 317 4032 ejusdem
337 3952 467 4038 seriptis.
919 3969 920 3973 ’

466 4034 491 4111 6
