3259 4959
408 361 476 434 250

409 507 570 584 caperet.
597 493 693 562 Hane
721 511 807 557 anno
839 491 925 578 ¹73²
954 483 1133 558 seminarii
1161 489 1311 579 patavini
1339 493 1431 586 typis

408 611 576 702 vulgavit,
592 633 653 677 nee
672 607 781 677 minus
800 606 931 692 Caroli,
953 629 1052 697 quam
1072 605 1123 675 sui
1133 658 1145 693 ,
1164 611 1362 681 memoriam
1386 613 1432 683 il·

412 727 550 797 lustrem
572 723 738 794 reddidit.
814 752 819 761 s

454 847 566 933 Quam
584 842 751 932 sapienter
773 839 920 908 enimin
945 834 1008 908 irae
1032 840 1330 934 persequiturque
1356 841 1433 912 lau·-

409 941 489 1032 des!
511 985 632 1052 easque
651 983 726 1028 eum
755 958 957 1048 reipublieae
986 959 1083 1030 laude
1112 958 1239 1052 jungit,
1267 961 1433 1060 astutius

409 1082 640 1150 nobilissimae
667 1079 758 1146 illius
784 1075 956 1145 familiae!
979 1101 1079 1168 quam
1108 1093 1293 1168 opportuna
1320 1077 1433 1148 erudi·

410 1202 481 1269 aio!
511 1199 726 1288 stilusquam
752 1196 882 1265 viu'dus
907 1210 941 1264 et
960 1195 1153 1286 expressus!
1177 1195 1250 1265 sive
1281 1219 1433 1288 pugnan-

410 1338 478 1390 tem
507 1317 665 1387 exhibeat
684 1315 794 1406 ipsum
822 1313 1001 1397 Gerulum,
1029 1314 1098 1383 sive
1126 1311 1303 1383 obeuntem
1329 1314 1433 1407 legati

406 1429 619 1521 imperatoris
638 1427 766 1497 ollieia.
783 1428 881 1497 Brevi
902 1425 1111 1518 praesidem.
1131 1425 1341 1498 Sentemiosa
1356 1451 1431 1498 ora..

408 1551 458 1620 tio
477 1567 511 1618 et
531 1548 657 1641 gravis,
677 1546 886 1636 eloquentiae
905 1562 940 1616 et
957 1545 1047 1616 susci
1066 1545 1164 1636 plena
1194 1546 1243 1618 rei
1267 1545 1438 1638 magnius-

410 1669 526 1739 dinem
548 1666 685 1735 omnino
702 1681 888 1754 exaequat.

457 1783 597 1850 Utinam
624 1796 659 1848 et
686 1779 752 1847 alia
778 1794 947 1848 exstarent
973 1779 1181 1870 eloquentiae
1207 1777 1298 1848 illius
1316 1787 1437 1849 morsu·-⁸

409 1910 521 1968 menta
543 1893 551 1961 l
573 1891 758 1980 Quominus
786 1891 880 1980 plura
903 1889 1119 1976 haberemus,
1140 1891 1308 1980 prohibuit
1325 1891 1432 1983 ipsius

409 2008 593 2078 modestia.
613 2008 823 2096 Quamquam
843 2006 897 2076 vel
915 2004 952 2075 iu
971 2029 1122 2082 sermone.
1136 2006 1319 2078 druueatieo
1333 2025 1367 2078 et
1387 2005 1433 2078 la

408 2126 536 2196 miliari
556 2125 604 2194 ita
623 2147 675 2192 res
692 2123 880 2208 eolorabat,
900 2140 937 2194 ut
955 2147 1011 2194 eas
1040 2123 1205 2194 videretur
1222 2123 1330 2223 potius
1354 2123 1433 2212 piu.

410 2265 509 2334 gere,
528 2265 628 2331 quam
647 2263 798 2310 narrare.
820 2244 900 2310 Erat
922 2240 1083 2310 nimirum
1101 2241 1153 2314 illi
1176 2240 1238 2312 hoe
1255 2240 1394 2312 insitum
1413 2265 1435 2314 a

409 2375 526 2428 natura
537 2411 549 2444 ,
568 2374 604 2426 ut
618 2381 670 2426 res
694 2379 840 2447 quasque
859 2358 901 2427 ad
921 2357 1033 2428 vivum
1052 2359 1253 2449 exprimeret
1272 2374 1305 2428 et
1335 2354 1435 2434 effer.

411 2493 481 2548 ret.
501 2478 574 2545 llus
592 2499 656 2546 uon
675 2476 878 2546 medioerem
898 2475 1178 2553 existimationem
1196 2477 1227 2547 ei
1246 2474 1435 2552 consiliavit

412 2594 501 2683 apud
520 2593 606 2663 viros
625 2592 728 2662 etiam
743 2590 871 2661 nobiles
890 2609 923 2661 et
944 2593 1075 2682 doctos3
1095 2609 1129 2664 et
1148 2593 1436 2688 propagavitejua·

412 2711 491 2782 dem
503 2736 642 2782 nornen.
662 2713 762 2802 Apud
778 2737 837 2780 nos
852 2712 916 2782 hoe
928 2729 1022 2782 ‘carte
1041 2714 1130 2805 viget
1141 2713 1248 2784 adhue
1267 2738 1306 2784 ae
1319 2736 1434 2784 reeens

409 2830 526 2916 dotet,
545 2830 661 2900 lieete
688 2829 874 2900 seminario
893 2830 1084 2900 discesserit
1115 2832 1278 2924 octogiuta
1303 2831 1435 2904 circiter

411 2944 538 3013 abhinc
546 2945 642 3014 annis
652 2996 660 3010 .
670 2946 814 3012 Tantam
827 2944 878 3014 sui
888 2945 1169 3034 exspectationem
1185 2961 1408 3016 commoverat
1421 2945 1433 3014 l

462 3064 548 3130 Cum
567 3062 634 3151 jam
646 3064 739 3146 ‚Deo
750 3079 888 3132 vocante
897 3116 907 3150 ‚
919 3064 1068 3136 Salemru
1084 3089 1120 3136 se
1134 3062 1276 3149 confert,
1286 3087 1352 3132 non
1363 3065 1438 3133 lon.

413 3198 456 3267 ge
474 3175 518 3243 ab
536 3176 659 3265 oppido
679 3178 951 3246 montaneaneusi
970 3179 1093 3266 situm,
1113 3179 1155 3248 ad
1179 3177 1364 3247 aniruarum
1389 3177 1435 3246 il-

411 3291 521 3363 laruin
540 3294 690 3386 regimen
707 3295 964 3386 capessendum.
985 3298 1056 3369 Vix
1072 3296 1231 3368 credibile
1250 3310 1319 3382 est,
1350 3317 1434 3386 quae

413 3425 450 3483 et
467 3427 591 3499 quanta
608 3407 708 3482 fuerit
727 3411 902 3502 pastoralis
921 3409 991 3504 ejus
1010 3411 1218 3484 sollieitudo.
1244 3411 1333 3480 Beue
1359 3432 1434 3480 ma·

409 3544 463 3592 ne
492 3547 622 3616 surgere
648 3524 790 3597 merilli
810 3541 901 3610 erat,
920 3547 1035 3594 omnes
1053 3523 1309 3616 perhumaniter
1327 3520 1370 3591 ad
1397 3544 1435 3592 se

412 3641 613 3714 aecedentes
639 3644 811 3734 exemere,
838 3644 951 3716 audire
970 3661 1106 3726 omnes,
1124 3641 1279 3718 omnibus
1305 3655 1436 3730 praesto

417 3781 510 3844 esse,
529 3760 667 3830 consilio
678 3816 689 3848 ,
707 3764 865 3849 monitis,
884 3787 982 3854 opera
992 3816 1003 3849 ‚
1029 3761 1189 3852 peeunia3
1220 3775 1256 3828 et
1273 3757 1335 3828 hae
1359 3755 1436 3846 quis

416 3871 494 3944 dem
514 3876 597 3945 adeo
614 3901 673 3968 pro
692 3877 1039 3968 suo'eensu'prolme,
1059 3893 1096 3946 ut
1115 3899 1181 3943 nou
1199 3897 1272 3942 raro
1290 3870 1362 3962 ipse
1381 3868 1437 3949 in·¹

418 3986 581 4083 digessit,
601 3991 643 4063 ad
662 3991 802 4062 aliorum
821 3990 969 4100 inopiam
989 3988 1246 4068 sublevandam.
