3259 4959
379 318 444 393 ret

367 474 439 528 erat
457 452 521 524 nisi
546 450 722 545 strepitus.
735 451 962 522 Occurrebant
979 451 1165 526 identidem
1184 452 1392 554 importunae

365 573 575 649 definitiones
595 594 634 642 ae
652 570 854 660 divisiones3
878 597 986 665 neque
1016 578 1225 668 quaestiones
1257 585 1394 658 deerant

367 693 508 766 subtiles
519 744 530 778 ,
556 690 736 783 aliquando
764 692 1070 782 stramentum,
1101 697 1239 790 inanes3
1264 706 1394 797 captio.

365 838 403 885 sa
426 826 639 905 argumenta,
662 810 841 903 productae
860 812 1121 905 disputationes,
1136 843 1195 891 ssu
1217 822 1327 914 potius
1345 828 1391 898 ri.

368 956 432 1006 xae
451 984 460 1000 .
482 928 685 1001 Tritollatus
711 928 795 999 haec
824 929 937 999 omnia
966 932 1093 1001 amovit
1116 936 1260 1033 (etalii
1289 939 1391 1010 etiam

370 1068 486 1145 postea
504 1050 595 1121 illius
615 1049 820 1140 exemplo).
837 1049 961 1119 Omnia
981 1050 1039 1120 ille
1061 1052 1105 1123 ad
1123 1056 1392 1148 perspicuitatem

372 1182 406 1235 et
424 1165 626 1259 elegantiam
646 1166 811 1235 traduxit.

415 1286 511 1355 Patet
529 1284 566 1356 id
589 1282 774 1377 legentibus
798 1283 870 1376 ejus
893 1283 1014 1357 libros.
1035 1287 1210 1374 illenim,
1229 1290 1394 1362 licetele·

371 1402 528 1474 montorii
553 1403 567 1494 (
587 1401 803 1495 nequeenim
823 1402 890 1472 sibi
911 1403 969 1474 illc
993 1408 1165 1499 proposuit
1181 1426 1286 1481 totam
1304 1411 1395 1483 theo·

370 1513 513 1607 logicam
533 1517 708 1589 scientiam
727 1516 762 1586 in
783 1541 885 1587 unum
904 1519 999 1609 quasi
1018 1543 1136 1613 corpus
1158 1524 1320 1617 redigere:
1334 1552 1393 1597 vo-

367 1635 433 1705 lurt
452 1649 580 1703 tantum
598 1632 748 1727 ejusdem
761 1632 926 1725 principia
946 1636 1073 1707 tradere
1086 1637 1154 1709 suis
1169 1639 1392 1734 discipulis),

369 1752 428 1837 hi,
448 1752 604 1843 inquam,
628 1752 707 1821 licet
726 1752 958 1841 elementarii,
979 1754 1253 1849 interpretatione
1272 1784 1337 1828 non
1358 1784 1394 1829 e·

370 1888 449 1966 gent
462 1876 475 1958 ',
504 1888 632 1941 acturo
656 1871 800 1963 percurri
828 1890 966 1962 possunt
993 1875 1066 1947 sine
1083 1877 1161 1947 ullis
1182 1877 1320 1948 ducibus
1347 1859 1406 1949 ¹ae'

371 1990 561 2083 magistris.
586 1989 652 2081 Qui
671 2013 746 2061 vero
767 1990 941 2062 audierunt
958 1994 1068 2085 ipsum
1086 1995 1122 2064 in
1150 1996 1262 2066 echela
1290 2019 1391 2087 expo-

372 2122 507 2177 nentem
524 2106 684 2178 eximiam
704 2106 798 2176 illam
825 2110 870 2177 D.
903 2111 1054 2181 Thomae
1076 2111 1278 2197 doctrinam,
1311 2134 1390 2179 eum

373 2220 520 2293 maxime
540 2220 662 2291 duxere
681 2220 838 2291 idoneum
854 2222 897 2294 ad
916 2226 1069 2297 eamdem
1087 2226 1242 2297 brevibus
1258 2241 1395 2294 annota-

372 2337 519 2411 tionibus
538 2364 597 2409 suo
616 2341 714 2431 plane
730 2342 765 2410 in
786 2342 913 2413 lumine
936 2330 1181 2415 collocandam.
1201 2346 1310 2435 Atque
1328 2344 1393 2414 hoo

373 2454 509 2543 guidem
533 2479 702 2549 aggressus
722 2454 850 2543 suerat,
869 2458 929 2529 sed
948 2483 1014 2531 non
1034 2457 1194 2551 perfecit,
1218 2459 1306 2551 quod
1331 2480 1392 2528 ne·
1438 2548 1450 2557 ,

376 2574 518 2641 cessario
538 2572 674 2643 sortasse
694 2593 820 2645 careret
838 2577 924 2646 otio.

293 2714 305 2724 ·
418 2689 545 2779 Magna¹
560 2687 718 2759 librorum
739 2690 810 2759 laus
830 2690 1068 2783 perspicuitas,
1081 2691 1205 2789 major,
1219 2694 1307 2786 qnod
1318 2716 1395 2764 eon·

375 2802 486 2897 juncta
505 2831 580 2876 cum
597 2810 784 2903 eloquentia
800 2834 839 2880 ac
855 2828 947 2881 tanta
966 2811 1135 2884 doctrinae
1153 2814 1268 2904 copia.
1285 2816 1324 2881 In
1340 2811 1393 2879 his

375 2944 546 2995 occurrunt
566 2928 759 3017 gravissima
786 2951 898 2998 sacrae
916 2928 1106 3018 Scripturae
1124 2930 1278 3015 oracula,
1305 2930 1393 2996 Pon-

376 3039 501 3109 tificum
520 3040 626 3125 scita,
657 3043 882 3112 Consiliorum
907 3042 1059 3128 decreta,
1086 3046 1220 3112 Patrurn
1247 3045 1396 3115 testimo-

372 3158 449 3247 nia3
473 3158 647 3249 Augustini
667 3160 867 3251 praecipue,
886 3160 979 3253 cujus
997 3158 1115 3230 festivo
1132 3160 1266 3251 ingenio
1295 3158 1392 3231 lesti-

373 3300 432 3347 vus
447 3280 456 3348 i
461 3302 518 3370 pse
532 3274 760 3351 'delectabatur
777 3278 934 3351 mirifice.
949 3282 1080 3350 Poterat
1094 3278 1153 3350 ille
1167 3278 1303 3370 quidem
1318 3303 1392 3351 sen·

372 3392 492 3468 tentias
511 3424 587 3472 srras
605 3399 757 3472 roborare
776 3401 977 3493 argumentis
997 3424 1018 3470 a
1042 3399 1167 3469 ratione
1204 3398 1339 3489 petitis3
1358 3414 1393 3469 at

373 3530 508 3582 noverat
532 3516 680 3586 lominus
700 3514 791 3585 abuti
811 3539 907 3607 posse
925 3516 1053 3585 ratione
1076 3514 1235 3607 (utinam
1263 3537 1392 3585 carere·

373 3654 448 3701 mus
466 3634 648 3725 exemplis!
669 3637 708 3726 );
735 3634 876 3728 ideoque
903 3660 944 3707 ea
970 3659 1064 3707 arma
1086 3633 1243 3726 expedire
1273 3634 1393 3706 maluit

371 3744 408 3815 in
428 3747 630 3819 adversarios
641 3802 650 3834 ,
671 3750 857 3842 quaeipsis
879 3776 946 3821 non
964 3751 1117 3821 vincendi
1138 3750 1246 3820 solum
1269 3752 1283 3840 (
1303 3748 1390 3840 quod

373 3856 444 3929 ficri
462 3862 596 3933 omniuo
615 3888 679 3933 non
700 3867 862 3955 poterat)
882 3864 1063 3937 sedetiam
1092 3863 1217 3935 diutins
1244 3859 1389 3932 instandi

285 3983 299 4007 ⁸
377 3998 471 4071 spem
491 3994 525 4050 et
543 3976 733 4051 facultatem
752 3976 935 4065 eriperent.
1385 4001 1392 4009 ·
