3259 4959
400 351 476 446 276,
880 336 984 421 nrt
1069 395 1073 400 -

446 526 467 564 n
491 493 684 581 Interdum,
701 511 737 564 ct
757 495 861 564 rnulta
881 494 979 562 tsllur
998 490 1178 563 involvitur
1196 495 1334 571 umbra.

446 645 466 682 n
489 619 631 706 Ereptae
652 632 720 684 turn
740 631 827 684 terra
846 613 961 683 dolens
980 612 1156 702 dispendia
1176 613 1261 685 lucis

450 764 470 801 n
494 737 644 826 Occupat
661 759 699 803 os
718 734 797 802 solis
816 731 930 803 subter
948 730 1111 817 labentis,
1130 749 1165 801 et
1184 731 1248 824 ipsi

451 877 471 914 s
495 851 642 918 Adversa
659 870 832 916 occurrens
849 846 1021 918 inimicam
1040 846 1185 937 corporis
1206 847 1359 922 umbrant

452 997 471 1033 n
494 963 633 1059 Proiicit
647 967 683 1036 in
703 968 815 1036 lunum
826 1017 836 1050 ,
857 963 1071 1056 propriasque
1090 967 1261 1037 ulciscitur
1280 969 1364 1038 iras.

410 1130 414 1136 -
455 1080 523 1151 Sed
542 1103 584 1153 ns
609 1096 794 1150 avertamus
825 1079 974 1147 animum
1007 1101 1025 1146 a
1052 1079 1197 1149 Jacobo.
1218 1081 1334 1154 Studio
1354 1105 1435 1174 pro-

413 1198 571 1274 movendi
600 1197 790 1292 hujusmodi
810 1195 1005 1286 disciplinas
1025 1196 1116 1266 idern
1136 1199 1310 1288 quotannis
1329 1200 1437 1270 voluit

414 1311 458 1385 ub
478 1312 589 1403 aliquo
607 1334 650 1381 ex
680 1311 747 1380 suis
771 1307 974 1379 auditoribus
1003 1309 1172 1401 publicoru
1191 1312 1348 1399 derebus
1376 1311 1433 1382 his

410 1431 671 1521 disputationem
692 1429 767 1499 inlri
784 1430 859 1521 (r).
880 1428 932 1500 Ad
952 1429 1014 1498 boc
1033 1427 1272 1500 bibliothecam
1292 1431 1357 1502 sibi
1376 1431 1432 1500 in-

408 1559 572 1616 struxerat
590 1544 688 1634 plane
707 1544 892 1634 ingentem.
920 1544 960 1612 In
980 1565 1019 1612 ea
1038 1543 1157 1632 optimi
1176 1544 1298 1635 quique
1316 1562 1430 1615 aucto·

409 1686 483 1748 res,
503 1680 539 1732 et
558 1663 594 1731 ln
612 1661 752 1752 singulis
778 1661 926 1756 scientiis
936 1714 947 1746 ,
966 1683 1143 1752 earumque
1162 1661 1325 1752 partibus,
1338 1663 1433 1754 prin-

412 1779 504 1870 cipes
515 1807 527 1866 3
546 1779 721 1870 praecipue
741 1801 817 1848 vero
842 1793 914 1847 acto
935 1801 954 1846 a
974 1778 1215 1848 florentissimis
1235 1779 1325 1848 editu
1345 1780 1433 1848 Aca-

412 1898 563 1983 demiir,
591 1921 629 1967 sc
655 1921 734 1988 prae
761 1897 880 1968 ceteris
911 1896 1094 1968 illustribus
1123 1913 1189 1967 totu
1216 1901 1365 1988 Europa,
1392 1896 1431 1967 in

411 2010 533 2103 quibus
552 2010 691 2103 physica
710 2032 858 2103 quaeque
877 2026 912 2079 et
940 2009 1176 2080 mathematica
1195 2033 1258 2082 non
1278 2025 1432 2079 accurate

409 2129 541 2216 minus,
560 2153 660 2221 quum
680 2130 810 2220 penitus
831 2129 1077 2222 expenduntur.
1109 2127 1161 2200 Ad
1180 2126 1215 2197 iu
1234 2125 1277 2196 ab
1309 2126 1431 2197 eodern

410 2246 495 2324 inita
513 2271 589 2318 curu
608 2249 688 2317 viris
707 2249 856 2318 doctrino
874 2247 1119 2340 praestantibus
1143 2244 1365 2317 consuetudo.

458 2364 520 2434 Hir
549 2365 703 2434 ornnlbus
731 2366 832 2435 sirnul
851 2364 1090 2434 confluentibus
1109 2364 1217 2455 qussi·
1232 2361 1346 2432 rivulis
1374 2385 1430 2432 au·

413 2496 467 2552 cta
482 2499 533 2552 est
550 2483 666 2555 Jacobi
685 2485 806 2554 mirum
825 2485 859 2555 ln
876 2483 1011 2555 modurn
1030 2483 1187 2552 scientia.
1200 2483 1233 2554 Is
1249 2481 1337 2551 enirn
1349 2481 1437 2573 plry.

392 2594 504 2678 ‚sicae
530 2620 570 2666 ac
597 2596 851 2668 mathematicae
875 2597 1087 2687 uisciplinae,
1108 2621 1166 2686 pro
1182 2619 1245 2680 ea,
1264 2619 1328 2686 qua
1354 2617 1429 2664 anr-

357 2709 360 2713 ’
411 2709 477 2782 bne
494 2711 693 2807 junguntur,
711 2713 891 2800 affinitate,
910 2714 1048 2784 intimos
1068 2735 1215 2806 quosque
1234 2712 1322 2781 sinus
1344 2711 1430 2780 late-

409 2825 552 2920 brasque
575 2847 780 2920 pervaserat.
801 2831 873 2900 lloc
899 2828 1107 2919 apertissime
1135 2827 1291 2898 evincunt
1312 2825 1427 2900 relicta

410 2941 455 3018 ab
473 2968 513 3014 eo
539 2963 772 3032 monumenta,
792 2969 929 3038 quorum
950 2945 1151 3038 paucissima
1172 2959 1299 3016 tanturn
1318 2939 1426 3027 dabo,

412 3057 609 3148 tte-longum
628 3058 768 3145 facium,
781 3076 816 3128 et
834 3059 996 3152 patientia
1011 3061 1169 3130 lectorum
1183 3055 1273 3128 abuti
1289 3054 1428 3141 videer3

413 3175 590 3272 praecipue
601 3201 676 3246 cum
696 3180 749 3249 vel
760 3201 865 3270 pauca
885 3177 1067 3248 sufficiant.
1081 3175 1212 3250 Notrbu
1231 3189 1342 3244 autern
1360 3169 1430 3241 rin-

411 3289 487 3382 gula
505 3291 670 3385 completa
689 3289 849 3366 historia.

457 3408 555 3506 buno
573 3410 686 3500 itaque
708 3413 794 3505 ¹749
823 3410 969 3508 instituit
998 3405 1279 3480 accuratissimam
1303 3403 1337 3476 in
1355 3396 1428 3470 ele-

416 3516 599 3596 ctricitutr's
622 3520 874 3614 phoenomena,
904 3523 952 3598 uti
982 3521 1106 3618 ajunt,
1138 3515 1430 3610 disquisitionem,

415 3657 558 3733 eamque
583 3639 709 3741 publici
734 3643 815 3739 juris
839 3641 959 3714 luctam
980 3639 1135 3732 Philippo
1161 3633 1322 3712 Borhonio
1345 3634 1431 3710 Par·

754 3849 1084 3885 mmmmm

325 4117 331 4126 .
439 4007 755 4099 &Commune
775 4031 841 4108 pag.
861 4013 911 4086 55.
