<?xml version="1.0" encoding="UTF-8"?>
<!DOCTYPE html PUBLIC "-//W3C//DTD XHTML 1.0 Transitional//EN"
    "http://www.w3.org/TR/xhtml1/DTD/xhtml1-transitional.dtd">
<html xmlns="http://www.w3.org/1999/xhtml" xml:lang="en" lang="en">
 <head>
  <title>
</title>
<meta http-equiv="Content-Type" content="text/html;charset=utf-8" />
  <meta name='ocr-system' content='tesseract 3.04.00' />
  <meta name='ocr-capabilities' content='ocr_page ocr_carea ocr_par ocr_line ocrx_word'/>
</head>
<body>
  <div class='ocr_page' id='page_1' title='image "./vitaevirorumill00ferrgoog_0264.png"; bbox 0 0 3259 4959; ppageno 0'>
   <div class='ocr_carea' id='block_1_1' title="bbox 386 330 1401 563">
    <p class='ocr_par' dir='ltr' id='par_1_1' title="bbox 386 330 1401 563">
     <span class='ocr_line' id='line_1_1' title="bbox 386 330 946 409; baseline 0.004 -6"><span class='ocrx_word' id='word_1_1' title='bbox 386 330 454 409; x_wconf 76' lang='lat' dir='ltr'><strong>ore</strong></span> <span class='ocrx_word' id='word_1_2' title='bbox 858 343 946 406; x_wconf 79' lang='lat' dir='ltr'><strong>tm</strong></span> 
     </span>
     <span class='ocr_line' id='line_1_2' title="bbox 386 451 1401 563; baseline 0.009 -27"><span class='ocrx_word' id='word_1_3' title='bbox 386 492 464 539; x_wconf 85' lang='lat' dir='ltr'><strong>roro</strong></span> <span class='ocrx_word' id='word_1_4' title='bbox 483 469 547 541; x_wconf 82' lang='lat' dir='ltr'><strong>duo</strong></span> <span class='ocrx_word' id='word_1_5' title='bbox 566 452 722 541; x_wconf 68' lang='lat' dir='ltr'><strong>ciuiliter</strong></span> <span class='ocrx_word' id='word_1_6' title='bbox 739 451 893 541; x_wconf 77' lang='lat' dir='ltr'><strong>lerinum</strong></span> <span class='ocrx_word' id='word_1_7' title='bbox 911 486 946 537; x_wconf 88' lang='lat' dir='ltr'><strong>et</strong></span> <span class='ocrx_word' id='word_1_8' title='bbox 964 453 1106 556; x_wconf 72' lang='lat' dir='ltr'><strong>catlml3</strong></span> <span class='ocrx_word' id='word_1_9' title='bbox 1122 460 1211 561; x_wconf 78' lang='lat' dir='ltr'><strong>quod</strong></span> <span class='ocrx_word' id='word_1_10' title='bbox 1228 483 1401 563; x_wconf 72' lang='lat' dir='ltr'><strong>poetarum</strong></span> 
     </span>
    </p>
   </div>
   <div class='ocr_carea' id='block_1_2' title="bbox 366 588 1440 3799">
    <p class='ocr_par' dir='ltr' id='par_1_2' title="bbox 374 588 1401 1611">
     <span class='ocr_line' id='line_1_3' title="bbox 387 588 1401 681; baseline 0.006 -26"><span class='ocrx_word' id='word_1_11' title='bbox 387 589 521 681; x_wconf 88' lang='lat' dir='ltr'><strong>ingenia</strong></span> <span class='ocrx_word' id='word_1_12' title='bbox 540 604 713 679; x_wconf 87' lang='lat' dir='ltr'><strong>torquetet</strong></span> <span class='ocrx_word' id='word_1_13' title='bbox 731 588 852 678; x_wconf 81' lang='lat' dir='ltr'>redigit</span> <span class='ocrx_word' id='word_1_14' title='bbox 870 588 1021 679; x_wconf 85' lang='lat' dir='ltr'><strong>saepead</strong></span> <span class='ocrx_word' id='word_1_15' title='bbox 1035 588 1172 659; x_wconf 88' lang='lat' dir='ltr'><strong>incitas.</strong></span> <span class='ocrx_word' id='word_1_16' title='bbox 1188 591 1276 680; x_wconf 79' lang='lat' dir='ltr'><strong>Apte</strong></span> <span class='ocrx_word' id='word_1_17' title='bbox 1287 592 1401 661; x_wconf 76' lang='lat' dir='ltr'><strong>admo</strong></span> 
     </span>
     <span class='ocr_line' id='line_1_4' title="bbox 385 706 1399 796; baseline 0.01 -24"><span class='ocrx_word' id='word_1_18' title='bbox 385 707 464 775; x_wconf 86' lang='lat' dir='ltr'><strong>dum</strong></span> <span class='ocrx_word' id='word_1_19' title='bbox 489 731 565 779; x_wconf 83' lang='lat' dir='ltr'><strong>usus</strong></span> <span class='ocrx_word' id='word_1_20' title='bbox 585 722 636 776; x_wconf 88' lang='lat' dir='ltr'><strong>est</strong></span> <span class='ocrx_word' id='word_1_21' title='bbox 653 706 755 775; x_wconf 88' lang='lat' dir='ltr'><strong>etiarn</strong></span> <span class='ocrx_word' id='word_1_22' title='bbox 775 706 915 796; x_wconf 87' lang='lat' dir='ltr'><strong>poeticis</strong></span> <span class='ocrx_word' id='word_1_23' title='bbox 937 707 1013 777; x_wconf 83' lang='lat' dir='ltr'><strong>aliis</strong></span> <span class='ocrx_word' id='word_1_24' title='bbox 1031 706 1157 790; x_wconf 82' lang='lat' dir='ltr'><strong>modis,</strong></span> <span class='ocrx_word' id='word_1_25' title='bbox 1175 706 1212 775; x_wconf 90' lang='lat' dir='ltr'><strong>io</strong></span> <span class='ocrx_word' id='word_1_26' title='bbox 1229 708 1283 779; x_wconf 90' lang='lat' dir='ltr'><strong>his</strong></span> <span class='ocrx_word' id='word_1_27' title='bbox 1303 708 1399 782; x_wconf 80' lang='lat' dir='ltr'><strong>breti</strong></span> 
     </span>
     <span class='ocr_line' id='line_1_5' title="bbox 387 818 1399 912; baseline 0.006 -25"><span class='ocrx_word' id='word_1_28' title='bbox 387 820 446 891; x_wconf 89' lang='lat' dir='ltr'><strong>illo</strong></span> <span class='ocrx_word' id='word_1_29' title='bbox 465 822 726 911; x_wconf 76' lang='lat' dir='ltr'>epigrammate,</span> <span class='ocrx_word' id='word_1_30' title='bbox 745 818 834 909; x_wconf 87' lang='lat' dir='ltr'><strong>quod</strong></span> <span class='ocrx_word' id='word_1_31' title='bbox 864 818 1050 910; x_wconf 85' lang='lat' dir='ltr'><strong>appellatur</strong></span> <span class='ocrx_word' id='word_1_32' title='bbox 1068 820 1227 905; x_wconf 69' lang='lat' dir='ltr'><strong>Scaeuo,</strong></span> <span class='ocrx_word' id='word_1_33' title='bbox 1246 822 1333 912; x_wconf 82' lang='lat' dir='ltr'><strong>quod</strong></span> <span class='ocrx_word' id='word_1_34' title='bbox 1358 847 1399 892; x_wconf 87' lang='lat' dir='ltr'><strong>o·</strong></span> 
     </span>
     <span class='ocr_line' id='line_1_6' title="bbox 383 938 1397 1031; baseline 0.002 -24"><span class='ocrx_word' id='word_1_35' title='bbox 383 960 480 1027; x_wconf 84' lang='lat' dir='ltr'><strong>tpnea</strong></span> <span class='ocrx_word' id='word_1_36' title='bbox 498 954 639 1010; x_wconf 86' lang='lat' dir='ltr'><strong>canunt:</strong></span> <span class='ocrx_word' id='word_1_37' title='bbox 656 960 769 1007; x_wconf 89' lang='lat' dir='ltr'><strong>verutn</strong></span> <span class='ocrx_word' id='word_1_38' title='bbox 790 939 914 1027; x_wconf 78' lang='lat' dir='ltr'><strong>graculi</strong></span> <span class='ocrx_word' id='word_1_39' title='bbox 933 938 1030 1027; x_wconf 87' lang='lat' dir='ltr'><strong>longe</strong></span> <span class='ocrx_word' id='word_1_40' title='bbox 1049 938 1203 1028; x_wconf 77' lang='lat' dir='ltr'><strong>plurimi,</strong></span> <span class='ocrx_word' id='word_1_41' title='bbox 1228 939 1325 1029; x_wconf 87' lang='lat' dir='ltr'><strong>pauci</strong></span> <span class='ocrx_word' id='word_1_42' title='bbox 1341 965 1397 1031; x_wconf 80' lang='lat' dir='ltr'><strong>ey·</strong></span> 
     </span>
     <span class='ocr_line' id='line_1_7' title="bbox 382 1055 1395 1147; baseline 0.001 -21"><span class='ocrx_word' id='word_1_43' title='bbox 382 1057 461 1127; x_wconf 89' lang='lat' dir='ltr'><strong>cni.</strong></span> <span class='ocrx_word' id='word_1_44' title='bbox 489 1059 644 1127; x_wconf 88' lang='lat' dir='ltr'><strong>Ceterum</strong></span> <span class='ocrx_word' id='word_1_45' title='bbox 664 1057 840 1147; x_wconf 72' lang='lat' dir='ltr'><strong>postremis</strong></span> <span class='ocrx_word' id='word_1_46' title='bbox 864 1056 979 1141; x_wconf 89' lang='lat' dir='ltr'><strong>aunis,</strong></span> <span class='ocrx_word' id='word_1_47' title='bbox 998 1056 1139 1147; x_wconf 86' lang='lat' dir='ltr'><strong>nequid</strong></span> <span class='ocrx_word' id='word_1_48' title='bbox 1165 1055 1371 1127; x_wconf 80' lang='lat' dir='ltr'><strong>dissimulem</strong></span> <span class='ocrx_word' id='word_1_49' title='bbox 1382 1108 1395 1145; x_wconf 89' lang='lat'><strong>,</strong></span> 
     </span>
     <span class='ocr_line' id='line_1_8' title="bbox 380 1173 1394 1265; baseline -0.001 -20"><span class='ocrx_word' id='word_1_50' title='bbox 380 1200 456 1247; x_wconf 88' lang='lat' dir='ltr'><strong>cum</strong></span> <span class='ocrx_word' id='word_1_51' title='bbox 475 1176 575 1247; x_wconf 80' lang='lat' dir='ltr'><strong>vellet</strong></span> <span class='ocrx_word' id='word_1_52' title='bbox 594 1174 723 1245; x_wconf 82' lang='lat' dir='ltr'><strong>doctius</strong></span> <span class='ocrx_word' id='word_1_53' title='bbox 740 1175 1024 1258; x_wconf 61' lang='lat' dir='ltr'><strong>mahumetum</strong></span> <span class='ocrx_word' id='word_1_54' title='bbox 1036 1173 1227 1245; x_wconf 84' lang='lat' dir='ltr'><strong>naturaliter</strong></span> <span class='ocrx_word' id='word_1_55' title='bbox 1239 1173 1394 1265; x_wconf 77' lang='lat' dir='ltr'><strong>scripsit3</strong></span> 
     </span>
     <span class='ocr_line' id='line_1_9' title="bbox 379 1292 1394 1385; baseline 0.002 -24"><span class='ocrx_word' id='word_1_56' title='bbox 379 1317 420 1363; x_wconf 85' lang='lat' dir='ltr'><strong>eo</strong></span> <span class='ocrx_word' id='word_1_57' title='bbox 437 1293 540 1363; x_wconf 86' lang='lat' dir='ltr'><strong>etiam</strong></span> <span class='ocrx_word' id='word_1_58' title='bbox 560 1292 696 1365; x_wconf 73' lang='lat' dir='ltr'><strong>forsitan</strong></span> <span class='ocrx_word' id='word_1_59' title='bbox 707 1336 719 1379; x_wconf 59' lang='lat'><em>5</em></span> <span class='ocrx_word' id='word_1_60' title='bbox 737 1294 824 1385; x_wconf 86' lang='lat' dir='ltr'><strong>quod</strong></span> <span class='ocrx_word' id='word_1_61' title='bbox 844 1316 890 1365; x_wconf 74' lang='lat' dir='ltr'><strong>ea</strong></span> <span class='ocrx_word' id='word_1_62' title='bbox 915 1308 1024 1365; x_wconf 86' lang='lat' dir='ltr'><strong>aetate</strong></span> <span class='ocrx_word' id='word_1_63' title='bbox 1053 1292 1236 1365; x_wconf 78' lang='lat' dir='ltr'><strong>exaruisset</strong></span> <span class='ocrx_word' id='word_1_64' title='bbox 1262 1292 1394 1384; x_wconf 87' lang='lat' dir='ltr'><strong>paullu-</strong></span> 
     </span>
     <span class='ocr_line' id='line_1_10' title="bbox 374 1396 1393 1501; baseline 0 -24"><span class='ocrx_word' id='word_1_65' title='bbox 374 1396 449 1477; x_wconf 84' lang='lat' dir='ltr'><strong>lum</strong></span> <span class='ocrx_word' id='word_1_66' title='bbox 468 1407 538 1501; x_wconf 82' lang='lat' dir='ltr'><strong>ejus</strong></span> <span class='ocrx_word' id='word_1_67' title='bbox 558 1430 656 1479; x_wconf 83' lang='lat' dir='ltr'><strong>rena.</strong></span> <span class='ocrx_word' id='word_1_68' title='bbox 675 1408 742 1479; x_wconf 78' lang='lat' dir='ltr'><strong>sed</strong></span> <span class='ocrx_word' id='word_1_69' title='bbox 759 1407 824 1477; x_wconf 85' lang='lat' dir='ltr'><strong>hoc</strong></span> <span class='ocrx_word' id='word_1_70' title='bbox 843 1406 961 1478; x_wconf 81' lang='lat' dir='ltr'><strong>obesse</strong></span> <span class='ocrx_word' id='word_1_71' title='bbox 985 1430 1051 1477; x_wconf 91' lang='lat' dir='ltr'><strong>nou</strong></span> <span class='ocrx_word' id='word_1_72' title='bbox 1078 1406 1179 1477; x_wconf 85' lang='lat' dir='ltr'><strong>debet</strong></span> <span class='ocrx_word' id='word_1_73' title='bbox 1201 1406 1293 1477; x_wconf 89' lang='lat' dir='ltr'><strong>illius</strong></span> <span class='ocrx_word' id='word_1_74' title='bbox 1318 1430 1393 1477; x_wconf 87' lang='lat' dir='ltr'><strong>tue·</strong></span> 
     </span>
     <span class='ocr_line' id='line_1_11' title="bbox 376 1519 1377 1611; baseline 0.002 -22"><span class='ocrx_word' id='word_1_75' title='bbox 376 1520 520 1603; x_wconf 85' lang='lat' dir='ltr'><strong>moriae,</strong></span> <span class='ocrx_word' id='word_1_76' title='bbox 538 1542 637 1611; x_wconf 87' lang='lat' dir='ltr'><strong>quaro</strong></span> <span class='ocrx_word' id='word_1_77' title='bbox 658 1536 706 1589; x_wconf 90' lang='lat' dir='ltr'><strong>tot</strong></span> <span class='ocrx_word' id='word_1_78' title='bbox 724 1519 789 1589; x_wconf 85' lang='lat' dir='ltr'><strong>alia</strong></span> <span class='ocrx_word' id='word_1_79' title='bbox 808 1519 1042 1591; x_wconf 78' lang='lat' dir='ltr'><strong>commendant</strong></span> <span class='ocrx_word' id='word_1_80' title='bbox 1058 1520 1185 1610; x_wconf 89' lang='lat' dir='ltr'><strong>optime</strong></span> <span class='ocrx_word' id='word_1_81' title='bbox 1202 1541 1377 1609; x_wconf 72' lang='lat' dir='ltr'><strong>expressa.</strong></span> 
     </span>
    </p>

    <p class='ocr_par' dir='ltr' id='par_1_3' title="bbox 367 1632 1401 3217">
     <span class='ocr_line' id='line_1_12' title="bbox 422 1632 1393 1723; baseline 0.002 -20"><span class='ocrx_word' id='word_1_82' title='bbox 422 1636 485 1703; x_wconf 88' lang='lat' dir='ltr'><strong>Per</strong></span> <span class='ocrx_word' id='word_1_83' title='bbox 511 1633 594 1703; x_wconf 87' lang='lat' dir='ltr'><strong>haec</strong></span> <span class='ocrx_word' id='word_1_84' title='bbox 621 1633 732 1723; x_wconf 89' lang='lat' dir='ltr'><strong>coepit</strong></span> <span class='ocrx_word' id='word_1_85' title='bbox 760 1632 1076 1703; x_wconf 79' lang='lat' dir='ltr'><strong>litteratissimorum</strong></span> <span class='ocrx_word' id='word_1_86' title='bbox 1103 1634 1248 1703; x_wconf 82' lang='lat' dir='ltr'><strong>virorum</strong></span> <span class='ocrx_word' id='word_1_87' title='bbox 1274 1634 1393 1705; x_wconf 76' lang='lat' dir='ltr'><strong>existi·</strong></span> 
     </span>
     <span class='ocr_line' id='line_1_13' title="bbox 374 1749 1390 1838; baseline 0.004 -16"><span class='ocrx_word' id='word_1_88' title='bbox 374 1751 579 1823; x_wconf 81' lang='lat' dir='ltr'><strong>mationeet</strong></span> <span class='ocrx_word' id='word_1_89' title='bbox 605 1752 841 1823; x_wconf 81' lang='lat' dir='ltr'><strong>consuetudine</strong></span> <span class='ocrx_word' id='word_1_90' title='bbox 863 1749 952 1838; x_wconf 82' lang='lat' dir='ltr'><strong>frui,</strong></span> <span class='ocrx_word' id='word_1_91' title='bbox 980 1752 1116 1823; x_wconf 75' lang='lat' dir='ltr'><strong>Antonii</strong></span> <span class='ocrx_word' id='word_1_92' title='bbox 1140 1752 1182 1822; x_wconf 89' lang='lat' dir='ltr'><strong>de</strong></span> <span class='ocrx_word' id='word_1_93' title='bbox 1201 1754 1390 1826; x_wconf 72' lang='lat' dir='ltr'><strong>comitibus</strong></span> 
     </span>
     <span class='ocr_line' id='line_1_14' title="bbox 373 1864 1392 1959; baseline 0.006 -26"><span class='ocrx_word' id='word_1_94' title='bbox 373 1888 455 1957; x_wconf 87' lang='lat' dir='ltr'><strong>prae</strong></span> <span class='ocrx_word' id='word_1_95' title='bbox 472 1865 589 1935; x_wconf 85' lang='lat' dir='ltr'><strong>ceteris</strong></span> <span class='ocrx_word' id='word_1_96' title='bbox 608 1878 643 1935; x_wconf 86' lang='lat' dir='ltr'><strong>et</strong></span> <span class='ocrx_word' id='word_1_97' title='bbox 655 1864 839 1955; x_wconf 71' lang='lat' dir='ltr'><strong>Algarotti,</strong></span> <span class='ocrx_word' id='word_1_98' title='bbox 850 1868 961 1956; x_wconf 80' lang='lat' dir='ltr'><strong>Atque</strong></span> <span class='ocrx_word' id='word_1_99' title='bbox 978 1866 1036 1937; x_wconf 88' lang='lat' dir='ltr'><strong>hie</strong></span> <span class='ocrx_word' id='word_1_100' title='bbox 1049 1890 1124 1937; x_wconf 89' lang='lat' dir='ltr'><strong>cum</strong></span> <span class='ocrx_word' id='word_1_101' title='bbox 1139 1864 1303 1959; x_wconf 84' lang='lat' dir='ltr'><strong>Georgica</strong></span> <span class='ocrx_word' id='word_1_102' title='bbox 1315 1870 1392 1939; x_wconf 89' lang='lat' dir='ltr'><strong>Vir·</strong></span> 
     </span>
     <span class='ocr_line' id='line_1_15' title="bbox 374 1984 1390 2077; baseline 0.002 -24"><span class='ocrx_word' id='word_1_103' title='bbox 374 1985 447 2077; x_wconf 86' lang='lat' dir='ltr'><strong>gilii</strong></span> <span class='ocrx_word' id='word_1_104' title='bbox 467 1986 608 2077; x_wconf 82' lang='lat' dir='ltr'><strong>legeret,</strong></span> <span class='ocrx_word' id='word_1_105' title='bbox 631 1984 696 2055; x_wconf 81' lang='lat' dir='ltr'><strong>duo</strong></span> <span class='ocrx_word' id='word_1_106' title='bbox 720 1984 770 2055; x_wconf 86' lang='lat' dir='ltr'><strong>illi</strong></span> <span class='ocrx_word' id='word_1_107' title='bbox 793 1984 1000 2074; x_wconf 80' lang='lat' dir='ltr'><strong>expedienda</strong></span> <span class='ocrx_word' id='word_1_108' title='bbox 1018 1985 1211 2075; x_wconf 79' lang='lat' dir='ltr'><strong>proposuit3</strong></span> <span class='ocrx_word' id='word_1_109' title='bbox 1228 1986 1316 2076; x_wconf 81' lang='lat' dir='ltr'><strong>quod</strong></span> <span class='ocrx_word' id='word_1_110' title='bbox 1328 1986 1390 2055; x_wconf 75' lang='lat' dir='ltr'><strong>ad-</strong></span> 
     </span>
     <span class='ocr_line' id='line_1_16' title="bbox 376 2100 1392 2193; baseline -0.001 -21"><span class='ocrx_word' id='word_1_111' title='bbox 376 2102 552 2172; x_wconf 85' lang='lat' dir='ltr'><strong>miratione</strong></span> <span class='ocrx_word' id='word_1_112' title='bbox 574 2124 639 2171; x_wconf 92' lang='lat' dir='ltr'><strong>non</strong></span> <span class='ocrx_word' id='word_1_113' title='bbox 658 2117 769 2171; x_wconf 87' lang='lat' dir='ltr'><strong>caret.</strong></span> <span class='ocrx_word' id='word_1_114' title='bbox 789 2102 909 2192; x_wconf 80' lang='lat' dir='ltr'>Neque</span> <span class='ocrx_word' id='word_1_115' title='bbox 927 2100 1018 2171; x_wconf 85' lang='lat' dir='ltr'><strong>euim</strong></span> <span class='ocrx_word' id='word_1_116' title='bbox 1041 2100 1196 2185; x_wconf 76' lang='lat' dir='ltr'><strong>deerant,</strong></span> <span class='ocrx_word' id='word_1_117' title='bbox 1214 2125 1297 2193; x_wconf 81' lang='lat' dir='ltr'><strong>quos</strong></span> <span class='ocrx_word' id='word_1_118' title='bbox 1314 2126 1392 2171; x_wconf 88' lang='lat' dir='ltr'><strong>con·</strong></span> 
     </span>
     <span class='ocr_line' id='line_1_17' title="bbox 374 2219 1390 2311; baseline 0.002 -22"><span class='ocrx_word' id='word_1_119' title='bbox 374 2220 514 2305; x_wconf 85' lang='lat' dir='ltr'><strong>soleret,</strong></span> <span class='ocrx_word' id='word_1_120' title='bbox 532 2220 646 2311; x_wconf 87' lang='lat' dir='ltr'><strong>magni</strong></span> <span class='ocrx_word' id='word_1_121' title='bbox 666 2220 811 2291; x_wconf 85' lang='lat' dir='ltr'><strong>nominis</strong></span> <span class='ocrx_word' id='word_1_122' title='bbox 827 2220 965 2291; x_wconf 89' lang='lat' dir='ltr'><strong>litterati</strong></span> <span class='ocrx_word' id='word_1_123' title='bbox 984 2219 1048 2291; x_wconf 81' lang='lat' dir='ltr'><strong>viri</strong></span> <span class='ocrx_word' id='word_1_124' title='bbox 1063 2274 1073 2294; x_wconf 93' lang='lat'><strong>.</strong></span> <span class='ocrx_word' id='word_1_125' title='bbox 1090 2222 1187 2291; x_wconf 84' lang='lat' dir='ltr'><strong>Hutrc</strong></span> <span class='ocrx_word' id='word_1_126' title='bbox 1207 2236 1316 2289; x_wconf 88' lang='lat' dir='ltr'><strong>tameo</strong></span> <span class='ocrx_word' id='word_1_127' title='bbox 1332 2221 1390 2291; x_wconf 87' lang='lat' dir='ltr'><strong>ad·</strong></span> 
     </span>
     <span class='ocr_line' id='line_1_18' title="bbox 376 2333 1386 2431; baseline 0 -26"><span class='ocrx_word' id='word_1_128' title='bbox 376 2334 442 2405; x_wconf 88' lang='lat' dir='ltr'><strong>huc</strong></span> <span class='ocrx_word' id='word_1_129' title='bbox 476 2333 630 2431; x_wconf 84' lang='lat' dir='ltr'><strong>juvenem</strong></span> <span class='ocrx_word' id='word_1_130' title='bbox 657 2335 918 2408; x_wconf 84' lang='lat' dir='ltr'><strong>litteratissimus</strong></span> <span class='ocrx_word' id='word_1_131' title='bbox 936 2334 1011 2425; x_wconf 87' lang='lat' dir='ltr'><strong>ipse</strong></span> <span class='ocrx_word' id='word_1_132' title='bbox 1032 2335 1220 2420; x_wconf 86' lang='lat' dir='ltr'><strong>consuluit,</strong></span> <span class='ocrx_word' id='word_1_133' title='bbox 1238 2334 1331 2429; x_wconf 68' lang='lat' dir='ltr'><strong>cuites</strong></span> <span class='ocrx_word' id='word_1_134' title='bbox 1348 2336 1386 2405; x_wconf 88' lang='lat' dir='ltr'><strong>iu</strong></span> 
     </span>
     <span class='ocr_line' id='line_1_19' title="bbox 374 2447 1385 2541; baseline -0.005 -22"><span class='ocrx_word' id='word_1_135' title='bbox 374 2448 552 2541; x_wconf 74' lang='lat' dir='ltr'><strong>judicando</strong></span> <span class='ocrx_word' id='word_1_136' title='bbox 570 2448 740 2519; x_wconf 73' lang='lat' dir='ltr'><strong>solertiam</strong></span> <span class='ocrx_word' id='word_1_137' title='bbox 758 2464 793 2518; x_wconf 89' lang='lat' dir='ltr'><strong>et</strong></span> <span class='ocrx_word' id='word_1_138' title='bbox 819 2447 1041 2519; x_wconf 85' lang='lat' dir='ltr'><strong>eruditionem</strong></span> <span class='ocrx_word' id='word_1_139' title='bbox 1070 2448 1229 2518; x_wconf 79' lang='lat' dir='ltr'><strong>eximiam</strong></span> <span class='ocrx_word' id='word_1_140' title='bbox 1248 2469 1385 2539; x_wconf 85' lang='lat' dir='ltr'><strong>perspe-</strong></span> 
     </span>
     <span class='ocr_line' id='line_1_20' title="bbox 378 2564 1386 2657; baseline -0.002 -22"><span class='ocrx_word' id='word_1_141' title='bbox 378 2584 468 2637; x_wconf 84' lang='lat' dir='ltr'><strong>ctam</strong></span> <span class='ocrx_word' id='word_1_142' title='bbox 485 2592 615 2657; x_wconf 83' lang='lat' dir='ltr'><strong>prorsus</strong></span> <span class='ocrx_word' id='word_1_143' title='bbox 635 2567 797 2635; x_wconf 86' lang='lat' dir='ltr'><strong>habebat.</strong></span> <span class='ocrx_word' id='word_1_144' title='bbox 816 2568 902 2635; x_wconf 83' lang='lat' dir='ltr'><strong>ilem</strong></span> <span class='ocrx_word' id='word_1_145' title='bbox 926 2567 964 2633; x_wconf 91' lang='lat' dir='ltr'><strong>in</strong></span> <span class='ocrx_word' id='word_1_146' title='bbox 987 2580 1101 2656; x_wconf 90' lang='lat' dir='ltr'><strong>aperto</strong></span> <span class='ocrx_word' id='word_1_147' title='bbox 1130 2564 1241 2655; x_wconf 83' lang='lat' dir='ltr'><strong>posuit</strong></span> <span class='ocrx_word' id='word_1_148' title='bbox 1258 2564 1386 2634; x_wconf 86' lang='lat' dir='ltr'><strong>duabus</strong></span> 
     </span>
     <span class='ocr_line' id='line_1_21' title="bbox 374 2682 1387 2776; baseline -0.002 -21"><span class='ocrx_word' id='word_1_149' title='bbox 374 2684 466 2755; x_wconf 88' lang='lat' dir='ltr'><strong>italis</strong></span> <span class='ocrx_word' id='word_1_150' title='bbox 489 2684 638 2775; x_wconf 86' lang='lat' dir='ltr'><strong>epistolis</strong></span> <span class='ocrx_word' id='word_1_151' title='bbox 658 2686 833 2770; x_wconf 82' lang='lat' dir='ltr'><strong>Clemens,</strong></span> <span class='ocrx_word' id='word_1_152' title='bbox 853 2710 936 2776; x_wconf 83' lang='lat' dir='ltr'><strong>quas</strong></span> <span class='ocrx_word' id='word_1_153' title='bbox 958 2682 1018 2753; x_wconf 90' lang='lat' dir='ltr'><strong>ille</strong></span> <span class='ocrx_word' id='word_1_154' title='bbox 1037 2684 1172 2774; x_wconf 87' lang='lat' dir='ltr'><strong>quidem</strong></span> <span class='ocrx_word' id='word_1_155' title='bbox 1191 2684 1387 2753; x_wconf 76' lang='lat' dir='ltr'><strong>delitescere</strong></span> 
     </span>
     <span class='ocr_line' id='line_1_22' title="bbox 373 2796 1385 2891; baseline 0.004 -26"><span class='ocrx_word' id='word_1_156' title='bbox 373 2798 477 2867; x_wconf 78' lang='lat' dir='ltr'><strong>voluit</strong></span> <span class='ocrx_word' id='word_1_157' title='bbox 489 2798 596 2889; x_wconf 84' lang='lat' dir='ltr'><strong>quood</strong></span> <span class='ocrx_word' id='word_1_158' title='bbox 608 2796 711 2881; x_wconf 75' lang='lat' dir='ltr'><strong>vixit,</strong></span> <span class='ocrx_word' id='word_1_159' title='bbox 724 2798 783 2869; x_wconf 88' lang='lat' dir='ltr'><strong>alii</strong></span> <span class='ocrx_word' id='word_1_160' title='bbox 802 2814 878 2867; x_wconf 87' lang='lat' dir='ltr'><strong>vero</strong></span> <span class='ocrx_word' id='word_1_161' title='bbox 897 2813 971 2889; x_wconf 84' lang='lat' dir='ltr'><strong>post</strong></span> <span class='ocrx_word' id='word_1_162' title='bbox 983 2796 1056 2891; x_wconf 81' lang='lat' dir='ltr'><strong>ejus</strong></span> <span class='ocrx_word' id='word_1_163' title='bbox 1072 2814 1212 2868; x_wconf 89' lang='lat' dir='ltr'><strong>mortem</strong></span> <span class='ocrx_word' id='word_1_164' title='bbox 1228 2824 1283 2867; x_wconf 84' lang='lat' dir='ltr'><strong>am</strong></span> <span class='ocrx_word' id='word_1_165' title='bbox 1298 2796 1385 2891; x_wconf 83' lang='lat'>1795</span> 
     </span>
     <span class='ocr_line' id='line_1_23' title="bbox 367 2916 1385 3006; baseline 0.002 -23"><span class='ocrx_word' id='word_1_166' title='bbox 367 2938 442 2985; x_wconf 91' lang='lat' dir='ltr'><strong>curn</strong></span> <span class='ocrx_word' id='word_1_167' title='bbox 459 2917 613 3006; x_wconf 85' lang='lat' dir='ltr'><strong>operibus</strong></span> <span class='ocrx_word' id='word_1_168' title='bbox 626 2916 786 3006; x_wconf 80' lang='lat' dir='ltr'><strong>Algarotti</strong></span> <span class='ocrx_word' id='word_1_169' title='bbox 803 2917 992 3005; x_wconf 77' lang='lat' dir='ltr'><strong>vulgarunt.</strong></span> <span class='ocrx_word' id='word_1_170' title='bbox 1009 2917 1139 2987; x_wconf 87' lang='lat' dir='ltr'><strong>Verum</strong></span> <span class='ocrx_word' id='word_1_171' title='bbox 1151 2918 1195 2986; x_wconf 88' lang='lat' dir='ltr'><strong>‹le</strong></span> <span class='ocrx_word' id='word_1_172' title='bbox 1213 2917 1385 2988; x_wconf 83' lang='lat' dir='ltr'><strong>existima·</strong></span> 
     </span>
     <span class='ocr_line' id='line_1_24' title="bbox 370 3030 1401 3124; baseline 0.004 -21"><span class='ocrx_word' id='word_1_173' title='bbox 370 3032 565 3123; x_wconf 78' lang='lat' dir='ltr'><strong>tione,&#39;quu</strong></span> <span class='ocrx_word' id='word_1_174' title='bbox 584 3033 674 3102; x_wconf 86' lang='lat' dir='ltr'><strong>idern</strong></span> <span class='ocrx_word' id='word_1_175' title='bbox 692 3030 861 3103; x_wconf 81' lang='lat' dir='ltr'><strong>fruebatur</strong></span> <span class='ocrx_word' id='word_1_176' title='bbox 871 3085 883 3119; x_wconf 89' lang='lat'>,</span> <span class='ocrx_word' id='word_1_177' title='bbox 896 3050 991 3124; x_wconf 86' lang='lat' dir='ltr'><strong>post:</strong></span> <span class='ocrx_word' id='word_1_178' title='bbox 1010 3056 1096 3105; x_wconf 87' lang='lat' dir='ltr'><strong>nuuc</strong></span> <span class='ocrx_word' id='word_1_179' title='bbox 1114 3034 1156 3103; x_wconf 78' lang='lat' dir='ltr'><strong>tle</strong></span> <span class='ocrx_word' id='word_1_180' title='bbox 1175 3035 1278 3105; x_wconf 80' lang='lat' dir='ltr'><strong>ratiis</strong></span> <span class='ocrx_word' id='word_1_181' title='bbox 1295 3037 1401 3107; x_wconf 77' lang='lat' dir='ltr'><strong>illias</strong></span> 
     </span>
     <span class='ocr_line' id='line_1_25' title="bbox 367 3145 574 3217; baseline 0.01 -2"><span class='ocrx_word' id='word_1_182' title='bbox 367 3145 574 3217; x_wconf 87' lang='lat' dir='ltr'><strong>muneribus.</strong></span> 
     </span>
    </p>

    <p class='ocr_par' dir='ltr' id='par_1_4' title="bbox 366 3264 1440 3799">
     <span class='ocr_line' id='line_1_26' title="bbox 414 3264 1384 3356; baseline 0.007 -20"><span class='ocrx_word' id='word_1_183' title='bbox 414 3268 530 3356; x_wconf 85' lang='lat' dir='ltr'><strong>Itaque</strong></span> <span class='ocrx_word' id='word_1_184' title='bbox 558 3289 600 3335; x_wconf 84' lang='lat' dir='ltr'><strong>ex</strong></span> <span class='ocrx_word' id='word_1_185' title='bbox 623 3264 786 3337; x_wconf 85' lang='lat' dir='ltr'><strong>rhetorico</strong></span> <span class='ocrx_word' id='word_1_186' title='bbox 810 3268 888 3339; x_wconf 88' lang='lat' dir='ltr'><strong>lodo</strong></span> <span class='ocrx_word' id='word_1_187' title='bbox 919 3267 954 3338; x_wconf 90' lang='lat' dir='ltr'><strong>in</strong></span> <span class='ocrx_word' id='word_1_188' title='bbox 972 3268 1214 3340; x_wconf 81' lang='lat' dir='ltr'><strong>bibliothecam</strong></span> <span class='ocrx_word' id='word_1_189' title='bbox 1237 3270 1384 3343; x_wconf 86' lang='lat' dir='ltr'><strong>traduci-</strong></span> 
     </span>
     <span class='ocr_line' id='line_1_27' title="bbox 369 3380 1383 3477; baseline 0.006 -26"><span class='ocrx_word' id='word_1_190' title='bbox 369 3396 446 3471; x_wconf 88' lang='lat' dir='ltr'><strong>tur,</strong></span> <span class='ocrx_word' id='word_1_191' title='bbox 464 3381 561 3473; x_wconf 87' lang='lat' dir='ltr'><strong>eique</strong></span> <span class='ocrx_word' id='word_1_192' title='bbox 580 3380 785 3475; x_wconf 87' lang='lat' dir='ltr'><strong>praeficitur.</strong></span> <span class='ocrx_word' id='word_1_193' title='bbox 804 3384 990 3475; x_wconf 83' lang='lat' dir='ltr'><strong>Repentina</strong></span> <span class='ocrx_word' id='word_1_194' title='bbox 1011 3383 1101 3453; x_wconf 88' lang='lat' dir='ltr'><strong>enim</strong></span> <span class='ocrx_word' id='word_1_195' title='bbox 1125 3402 1230 3454; x_wconf 89' lang='lat' dir='ltr'><strong>morte</strong></span> <span class='ocrx_word' id='word_1_196' title='bbox 1251 3397 1383 3477; x_wconf 78' lang='lat' dir='ltr'><strong>praero-</strong></span> 
     </span>
     <span class='ocr_line' id='line_1_28' title="bbox 366 3484 1440 3591; baseline 0.007 -26"><span class='ocrx_word' id='word_1_197' title='bbox 366 3484 443 3590; x_wconf 78' lang='lat' dir='ltr'><strong>pius</strong></span> <span class='ocrx_word' id='word_1_198' title='bbox 462 3495 567 3567; x_wconf 85' lang='lat' dir='ltr'><strong>iuerat</strong></span> <span class='ocrx_word' id='word_1_199' title='bbox 585 3496 747 3569; x_wconf 84' lang='lat' dir='ltr'><strong>Antonius</strong></span> <span class='ocrx_word' id='word_1_200' title='bbox 759 3496 923 3569; x_wconf 83' lang='lat' dir='ltr'><strong>Sandiuus</strong></span> <span class='ocrx_word' id='word_1_201' title='bbox 932 3551 943 3584; x_wconf 92' lang='lat'>,</span> <span class='ocrx_word' id='word_1_202' title='bbox 958 3496 1051 3591; x_wconf 72' lang='lat' dir='ltr'><strong>cujas</strong></span> <span class='ocrx_word' id='word_1_203' title='bbox 1070 3522 1192 3569; x_wconf 89' lang='lat' dir='ltr'><strong>nomen</strong></span> <span class='ocrx_word' id='word_1_204' title='bbox 1209 3501 1254 3571; x_wconf 73' lang='lat' dir='ltr'><strong>acl</strong></span> <span class='ocrx_word' id='word_1_205' title='bbox 1273 3527 1380 3573; x_wconf 85' lang='lat' dir='ltr'><strong>seram</strong></span> <span class='ocrx_word' id='word_1_206' title='bbox 1435 3532 1440 3540; x_wconf 90' lang='lat'><strong>·</strong></span> 
     </span>
     <span class='ocr_line' id='line_1_29' title="bbox 367 3611 1377 3707; baseline 0.006 -27"><span class='ocrx_word' id='word_1_207' title='bbox 367 3611 591 3705; x_wconf 84' lang='lat' dir='ltr'><strong>posteritatem</strong></span> <span class='ocrx_word' id='word_1_208' title='bbox 613 3612 791 3683; x_wconf 79' lang='lat' dir='ltr'><strong>extendent</strong></span> <span class='ocrx_word' id='word_1_209' title='bbox 813 3613 1079 3696; x_wconf 83' lang='lat' dir='ltr'><strong>accuratissima,</strong></span> <span class='ocrx_word' id='word_1_210' title='bbox 1099 3613 1282 3705; x_wconf 85' lang='lat' dir='ltr'><strong>eademque</strong></span> <span class='ocrx_word' id='word_1_211' title='bbox 1305 3618 1377 3707; x_wconf 88' lang='lat' dir='ltr'><strong>pul·</strong></span> 
     </span>
     <span class='ocr_line' id='line_1_30' title="bbox 366 3724 1380 3799; baseline 0.003 -4"><span class='ocrx_word' id='word_1_212' title='bbox 366 3726 529 3797; x_wconf 88' lang='lat' dir='ltr'><strong>cherrima</strong></span> <span class='ocrx_word' id='word_1_213' title='bbox 548 3725 662 3797; x_wconf 88' lang='lat' dir='ltr'><strong>relicta</strong></span> <span class='ocrx_word' id='word_1_214' title='bbox 680 3724 729 3795; x_wconf 81' lang='lat' dir='ltr'><strong>alr</strong></span> <span class='ocrx_word' id='word_1_215' title='bbox 742 3748 782 3797; x_wconf 89' lang='lat' dir='ltr'><strong>eo</strong></span> <span class='ocrx_word' id='word_1_216' title='bbox 801 3742 1032 3799; x_wconf 87' lang='lat' dir='ltr'><strong>monomenta.</strong></span> <span class='ocrx_word' id='word_1_217' title='bbox 1047 3728 1153 3797; x_wconf 86' lang='lat' dir='ltr'><strong>lloma</strong></span> <span class='ocrx_word' id='word_1_218' title='bbox 1168 3751 1314 3798; x_wconf 87' lang='lat' dir='ltr'><strong>reversus</strong></span> <span class='ocrx_word' id='word_1_219' title='bbox 1328 3746 1380 3799; x_wconf 86' lang='lat' dir='ltr'><strong>est</strong></span> 
     </span>
    </p>
   </div>
   <div class='ocr_carea' id='block_1_3' title="bbox 365 3843 1381 4059">
    <p class='ocr_par' dir='ltr' id='par_1_5' title="bbox 365 3843 1381 4059">
     <span class='ocr_line' id='line_1_31' title="bbox 365 3843 1379 3939; baseline 0.002 -24"><span class='ocrx_word' id='word_1_220' title='bbox 365 3843 402 3915; x_wconf 87' lang='lat' dir='ltr'><strong>id</strong></span> <span class='ocrx_word' id='word_1_221' title='bbox 414 3844 580 3937; x_wconf 81' lang='lat' dir='ltr'><strong>¹temporit¹</strong></span> <span class='ocrx_word' id='word_1_222' title='bbox 602 3870 622 3915; x_wconf 90' lang='lat' dir='ltr'><strong>a</strong></span> <span class='ocrx_word' id='word_1_223' title='bbox 642 3846 837 3939; x_wconf 85' lang='lat' dir='ltr'><strong>gravissima</strong></span> <span class='ocrx_word' id='word_1_224' title='bbox 856 3846 1022 3935; x_wconf 74' lang='lat' dir='ltr'><strong>legatione</strong></span> <span class='ocrx_word' id='word_1_225' title='bbox 1036 3848 1175 3919; x_wconf 83' lang='lat' dir='ltr'><strong>Carolus</strong></span> <span class='ocrx_word' id='word_1_226' title='bbox 1192 3848 1379 3919; x_wconf 83' lang='lat' dir='ltr'><strong>Cardiualis</strong></span> 
     </span>
     <span class='ocr_line' id='line_1_32' title="bbox 366 3962 1381 4059; baseline -0.009 -18"><span class='ocrx_word' id='word_1_227' title='bbox 366 3966 566 4041; x_wconf 69' lang='lat' dir='ltr'><strong>licaoniam</strong></span> <span class='ocrx_word' id='word_1_228' title='bbox 584 3965 757 4059; x_wconf 80' lang='lat' dir='ltr'><strong>episcopus</strong></span> <span class='ocrx_word' id='word_1_229' title='bbox 775 3966 973 4057; x_wconf 65' lang='lat' dir='ltr'><strong>patruinus.</strong></span> <span class='ocrx_word' id='word_1_230' title='bbox 991 3962 1112 4041; x_wconf 75' lang='lat' dir='ltr'><strong>Eidem</strong></span> <span class='ocrx_word' id='word_1_231' title='bbox 1133 3963 1280 4038; x_wconf 74' lang='lat' dir='ltr'><strong>retribue</strong></span> <span class='ocrx_word' id='word_1_232' title='bbox 1306 3984 1381 4059; x_wconf 82' lang='lat' dir='ltr'><strong>gra-</strong></span> 
     </span>
    </p>
   </div>
   <div class='ocr_carea' id='block_1_4' title="bbox 0 0 1634 4959">
    <p class='ocr_par' dir='ltr' id='par_1_6' title="bbox 0 0 1634 4959">
     <span class='ocr_line' id='line_1_33' title="bbox 0 0 1634 4959; baseline 0 4"><span class='ocrx_word' id='word_1_233' title='bbox 0 0 1634 4959; x_wconf 95' lang='lat' dir='ltr'><strong> </strong></span> 
     </span>
    </p>
   </div>
  </div>
 </body>
</html>
