3259 4959
518 367 599 422 vrrs
621 361 807 422 russerscr
827 364 981 428 casseu
1176 335 1221 438 ἐν

199 487 318 585 primis
337 483 518 580 multiplici
545 485 737 579 cognitione
762 484 973 576 linguarum.
993 475 1128 552 Praeter
1154 481 1221 552 ita-

172 688 176 693 ,
198 608 272 678 lam
290 621 325 676 et
343 604 502 689 latinam,
531 625 683 696 graecam
709 600 812 670 etiam
826 598 1002 690 callebat,
1020 595 1219 688 hispanam,

199 720 373 814 gallicam:
395 717 530 788 tenebat
549 718 685 810 insuper
707 714 960 808 antiquissimas
984 710 1133 788 Orientis
1151 713 1220 784 lin-

200 859 281 929 guas
299 888 310 920 ,
329 831 540 919 hebraicam,
565 817 751 924 syriacam,
776 831 1004 918 chaldaicam,
1032 831 1221 926 arabicam,

203 974 285 1042 quas
313 949 403 1020 idem
431 963 554 1041 postca
572 947 751 1020 Seminarii
779 947 923 1018 alumnis
947 945 1084 1018 tradidit
1111 948 1223 1039 plures
1306 965 1310 984 ’

202 1088 325 1139 anuos.
347 1065 401 1134 Ad
420 1063 555 1134 easdem
579 1063 644 1131 sibi
663 1062 878 1154 acquirendas
902 1063 1029 1154 optimo
1049 1061 1222 1154 inprimis

203 1177 287 1250 duce
315 1201 392 1248 usus
421 1175 529 1246 fuerat
551 1176 730 1246 Timotheo
748 1176 927 1268 Agnellino
944 1179 1093 1249 Mardini
1113 1178 1223 1248 archi-

202 1297 363 1387 episcopo
385 1297 464 1389 (r),
489 1317 588 1387 quem
615 1295 654 1365 Β.
682 1294 860 1387 Gregorius
883 1294 1022 1389 jusserat
1040 1295 1219 1366 Seminarii

206 1417 344 1486 clericos
363 1413 553 1509 hujusmodi
574 1413 758 1484 eruditione
776 1415 950 1486 instituere
969 1419 1048 1508 (a).

253 1531 372 1622 Neque
391 1529 500 1600 solum
520 1542 568 1597 tot
586 1527 771 1620 linguarum
779 1581 791 1615 ,
809 1545 944 1622 tamque
963 1528 1050 1599 inter
1068 1550 1104 1599 se
1123 1529 1224 1599 dissi-

204 1648 357 1735 milium,
376 1646 497 1718 uutitia
523 1647 714 1718 franciscus
740 1647 865 1735 ualuit,
893 1647 951 1718 sed
972 1649 1075 1720 multa
1093 1673 1223 1743 quoque

204 1763 364 1834 librorum
388 1761 545 1832 scientia.
568 1761 687 1834 Eidem
717 1761 898 1855 plurimum
926 1761 1026 1834 debet
1044 1761 1224 1836 seminarii

203 1880 427 1967 bibliotheca,
446 1881 500 1952 cui
518 1880 680 1973 praefuit,
698 1898 793 1953 aucta
811 1882 885 1976 ejus
903 1907 980 1952 cura
998 1883 1111 1953 multis
1130 1904 1227 1973 prae·

207 1995 304 2086 oipue
323 1995 493 2065 codicibus
511 2019 589 2064 mss.
600 2047 612 2080 ,
624 1996 766 2088 aliisque
781 2021 846 2083 nou
867 1999 980 2088 paucis
1000 1995 1223 2066 voluminibus

208 2109 395 2200 iisdemque
419 2107 617 2198 exquisitis,
636 2108 898 2199 antiquissimis,
925 2108 1122 2192 rarissimis,
1137 2129 1223 2200 quae

209 2221 402 2294 incredibili
421 2221 528 2290 animi
544 2219 665 2291 ardore
682 2233 718 2292 et
737 2221 869 2317 ingenti
888 2233 1021 2314 sumptu
1041 2221 1225 2316 collegerat

210 2335 412 2425 optimarum
426 2332 608 2403 litteramm
621 2334 939 2407 rirstudiosissimus
956 2362 1066 2408 comes
1080 2339 1226 2431 Alpheu-

209 2475 265 2522 eus
284 2451 471 2521 Aluarottus
483 2451 778 2546 (3).Qnamquam
797 2453 834 2526 in
852 2457 915 2526 hoc
936 2457 951 2550 (
968 2473 1005 2526 ut
1030 2481 1144 2529 retum
1172 2457 1223 2531 fa-

211 2579 281 2636 tear
295 2565 311 2656 )
326 2563 505 2660 praecipua
522 2565 593 2642 laus
612 2568 790 2648 Faccioiati
809 2571 881 2672 (4),
899 2571 1036 2674 Aliquot
1055 2557 1224 2666 ptactotcu

555 2773 886 2814 mmmmm

255 2945 305 3023 (ι)
328 2941 398 3006 vid.
419 2943 531 3026 Opusc.
550 2945 601 3006 cit.
621 2947 695 3032 cap.
714 2951 756 3015 V.

253 3052 303 3130 (s)
324 3049 464 3112 Eumdem
482 3053 568 3114 etiam
588 3059 762 3138 praefecerat
781 3058 956 3124 barbadicus
979 3062 1179 3152 typographiae
1194 3066 1226 3128 iu

210 3156 268 3229 iis,
287 3177 360 3235 quae
379 3157 416 3217 ad
436 3161 588 3224 orientales
609 3165 721 3248 liugrras
740 3169 924 3252 spectabant,
955 3172 993 3232 ob
1011 3173 1142 3234 eximiam
1161 3172 1224 3252 eius

211 3256 322 3318 inillis
346 3260 498 3340 peritiam,
521 3287 607 3346 quam
620 3254 766 3330 'testantur
784 3271 821 3332 ab
841 3273 904 3356 ipso
925 3273 995 3336 edati
1014 3273 1111 3358 plures
1139 3274 1228 3352 libri,

213 3359 257 3421 uti
276 3375 389 3420 constat
408 3385 444 3423 ex
461 3367 510 3426 xl
529 3367 671 3451 Opusculi
686 3371 813 3451 ejusdem
835 3377 947 3458 capite.
1064 3361 1067 3370 ¹

257 3463 307 3540 (ὃ)
328 3463 376 3522 so.
396 3466 468 3523 Ant.
488 3466 614 3549 Vulpius
634 3470 766 3532 inlibris
786 3475 952 3538 carminum
972 3491 1000 3538 et
1016 3477 1228 3562 opusculorum

214 3565 301 3627 editis
321 3589 397 3629 anuo
423 3570 497 3650 1725
525 3593 590 3654 paq.
613 3578 682 3652 243.
708 3585 776 3654 244.
799 3583 862 3642 lloc
883 3581 960 3645 idem
976 3587 1062 3648 refert
1082 3587 1112 3647 iu
1133 3586 1229 3649 admo-

214 3670 342 3744 uitione,
363 3693 448 3751 quam
468 3674 623 3755 praemittit
641 3675 759 3742 carmini
777 3682 868 3768 lyrico
892 3687 1060 3771 Hieronymi
1077 3693 1227 3757 tracuu-

214 3771 272 3847 rii,
291 3769 361 3832 edit.
382 3775 541 3848 secundm,
561 3799 625 3861 pag.
650 3783 718 3863 169.
922 3829 925 3836 ψ

164 3865 172 3882 ’
257 3879 307 3956 (4)
328 3880 444 3940 iseuim
462 3903 518 3960 qua
539 3889 705 3951 auctoritate
724 3889 839 3956 valebat
853 3895 931 3980 apud
950 3897 1038 3964 Card.
1061 3903 1228 3970 nonedam

215 3981 379 4064 episcopum
396 3984 584 4066 patarinum,
603 3989 687 4050 facile
706 3991 744 4053 ab
770 3993 823 4056 illo
841 3997 990 4080 obtinuit,
1009 4015 1041 4063 ut
1058 4019 1161 4088 poem
1181 4025 1229 4086 eqo

347 4144 358 4174 q
491 4091 516 4160 7
