3259 4959
415 311 484 412 ψ
895 299 979 370 aaut

416 463 615 538 quamnquam
635 429 738 523 baec,
766 435 814 506 uti
840 453 952 506 monet
971 435 1044 528 (r),
1063 431 1236 524 discipulis
1253 423 1319 504 fere
1343 425 1378 506 in
1401 451 1442 505 oa

412 558 546 627 mnibus
569 553 807 626 adscribenda.
838 553 1021 620 Occurrunt
1038 549 1140 616 etiarn
1167 547 1300 638 profana
1328 556 1435 620 sacris

313 732 321 754 ,
413 676 570 751 immixta
581 704 593 764 3
616 674 703 766 quod
722 695 786 741 non
806 669 926 761 probo.
947 671 1039 740 Haeo
1058 685 1153 761 sunt,
1172 693 1255 759 quae
1275 671 1367 760 potui
1389 685 1436 740 est

412 794 483 888 cius
507 794 638 885 scriptis
657 792 831 882 colligere.
852 787 948 878 Nihil
968 787 1135 880 praeterea
1154 788 1320 880 cognitum
1340 786 1432 859 mibi

410 927 481 978 est.
501 914 611 1000 Quare
630 907 671 977 ad
695 929 805 976 mores
826 919 971 973 transeo.

458 1031 532 1100 Fuit
551 1031 608 1098 ille
627 1024 760 1118 ingenio
779 1021 919 1092 rninime
939 1021 1095 1105 obscuro,
1115 1043 1265 1090 sermone
1291 1037 1429 1110 aperto,

410 1146 624 1223 assentationi
640 1145 796 1216 inimicus
805 1195 816 1227 ,
832 1141 954 1210 laboris
970 1141 1115 1231 patiens.
1131 1141 1269 1213 Nullum
1289 1141 1339 1210 illi
1354 1157 1436 1210 erat·

410 1278 541 1352 tempus
567 1282 706 1330 vacuum
737 1281 756 1326 a
777 1256 958 1324 litterarum
980 1253 1273 1324 exercitationem
1293 1254 1423 1322 studio.

410 1377 449 1444 In
469 1375 504 1442 id
524 1371 738 1464 impendebat
757 1367 827 1438 dies
848 1384 1024 1458 noctesque
1035 1391 1111 1438 usus
1131 1367 1318 1438 valetudine
1337 1393 1424 1438 sern-

409 1515 469 1580 pcr
488 1514 661 1582 prospera.
682 1489 815 1560 Vicetia
836 1491 876 1558 ad
896 1487 1118 1558 Seminarium
1150 1485 1339 1578 patavinum
1367 1509 1422 1554 re-

409 1630 558 1698 gressus,
586 1609 666 1677 licet
695 1618 802 1674 aetate
829 1621 1000 1696 provectus
1031 1622 1138 1688 esset,
1165 1627 1228 1672 non
1261 1605 1425 1677 recusarit

410 1722 522 1792 salure
542 1745 650 1790 rursus
662 1722 857 1812 gravissima
878 1717 1068 1790 inferiorum
1089 1722 1273 1790 scholarum
1294 1721 1424 1790 taedia.

406 1841 495 1928 Quin
516 1858 550 1910 et
568 1837 633 1910 alia
654 1838 797 1930 suscepit
825 1841 958 1930 iusuper
985 1841 1225 1925 libentissime,
1245 1862 1328 1932 quae
1353 1865 1419 1910 non

407 1984 523 2047 parum
541 1961 700 2045 molesta,
716 1961 934 2031 Alumnorurn
952 1961 1036 2030 votis
1061 1961 1251 2052 indulgens.
1267 1961 1417 2029 ‘Nullum

404 2078 594 2168 dclrrgiebat
623 2079 870 2150 incommodum
899 2081 1063 2151 desiderio
1085 2081 1169 2150 bene
1198 2079 1343 2150 merendi
1375 2076 1418 2148 de

405 2199 576 2268 oscinibus.
1259 2181 1262 2192 ¹

368 2338 372 2346 ·
447 2319 641 2389 Petentibus
658 2343 839 2409 nrrrnqnarn
869 2319 1000 2405 deerat,
1019 2313 1124 2390 immo
1152 2317 1265 2390 aderet
1292 2343 1391 2409 opera
1406 2373 1416 2406 ,

401 2433 563 2523 pecunia,
582 2431 696 2501 libris.
727 2420 804 2507 lton
830 2449 977 2525 petentes
1008 2451 1218 2525 peramanter
1240 2434 1418 2521 incusans,

402 2553 642 2644 adpetendum
662 2554 845 2638 alliciebat,
857 2567 890 2624 et
909 2553 1094 2624 affirmabat
1105 2608 1114 2640 ,
1136 2571 1206 2622 tum
1225 2577 1261 2621 se
1280 2555 1414 2625 eosdem

398 2665 588 2738 babituram
608 2667 643 2736 in
663 2668 843 2738 amieonrm
863 2689 953 2752 uere,
973 2693 1047 2740 curn
1073 2668 1196 2761 aliquid
1220 2694 1237 2738 a
1258 2695 1293 2740 se
1311 2667 1417 2759 peris-

397 2799 492 2852 sent.
514 2786 638 2874 Magna
658 2784 691 2852 in
711 2784 774 2854 hoe
792 2799 864 2855 erat
883 2784 924 2854 de
943 2784 1003 2855 illo
1029 2783 1161 2875 opinio,
1181 2808 1299 2874 anagnu
1327 2784 1414 2852 libe-

397 2898 538 2966 ralitatis
562 2898 831 2984 commendatio,
850 2897 885 2968 in
914 2922 970 2968 eos
1002 2899 1103 2967 etiarn
1125 2897 1167 2966 ab
1194 2898 1251 2966 illo
1279 2895 1415 2966 adtriti.

396 3027 471 3095 tae,
495 3036 574 3102 quos
593 3012 733 3082 minime
752 3027 859 3104 gratos
885 3029 1039 3104 expertus
1060 3024 1190 3104 postea.
1212 3013 1277 3084 Vir
1295 3032 1417 3104 propo-

395 3125 451 3196 siti
475 3140 571 3192 tenax
586 3148 649 3193 nou
671 3141 739 3195 torn
759 3126 856 3198 facile
876 3127 1034 3197 dimoveri
1054 3153 1090 3197 se
1109 3127 1330 3218 patiebatura
1351 3153 1415 3198 sua

393 3238 574 3324 sententia,
596 3240 736 3330 quodid
761 3239 898 3311 fortasse
917 3243 1064 3312 erederet
1080 3242 1212 3312 levioris
1233 3240 1335 3312 animi
1361 3241 1415 3310 in-

329 3410 342 3419 .
393 3351 517 3422 dicium
532 3405 540 3422 .
558 3357 650 3441 Quae
673 3353 738 3424 sibi
758 3374 983 3446 persuaserat,
1002 3383 1040 3428 eu
1061 3357 1239 3428 conabatur
1259 3360 1343 3427 tueri
1364 3383 1415 3426 ra.

396 3467 600 3538 tiocinando.
621 3473 692 3541 lloc
713 3473 762 3542 illi
783 3487 854 3544 erat
872 3472 907 3540 in
927 3496 1077 3542 sermone
1101 3495 1231 3564 quoque
1258 3471 1422 3542 domesti-

392 3604 431 3660 co
450 3579 632 3655 familiare.

732 3793 1067 3830 mmmcusumuswu

433 3962 484 4042 (l)
506 3963 602 4048 Epist.
614 3965 661 4028 'ud
676 3967 746 4030 lect.
766 3987 831 4052 pag.
851 3987 881 4050 9.
