3259 4959
362 331 430 424 κω
802 337 886 400 utut

357 467 462 536 riamt
479 461 520 532 de
537 458 697 530 litteraria
714 483 791 531 com
819 486 859 530 eo
889 455 1146 548 consuetudin05
1165 479 1297 534 revocat
1323 461 1382 538 illi

360 577 396 646 io
416 593 563 647 mentem
582 591 716 662 noctes,
733 599 816 666 quaa
836 574 1043 644 sermonibus
1061 573 1201 644 cruditis
1220 579 1377 648 traduxe-

358 711 435 764 raot
461 693 597 765 Parisiis
624 693 712 786 apud
728 698 891 785 Legatum
912 708 1065 764 venetum
1076 721 1088 780 3
1106 715 1183 764 eum
1207 695 1378 786 bortatur,

357 828 395 879 ut
420 812 544 883 scribat
565 811 637 882 sibi
665 813 821 904 saepius3
849 812 1025 902 eidemque
1043 810 1168 904 graecis
1197 813 1376 904 praecipue

357 929 392 996 in
412 930 533 1002 litteris
551 930 680 1002 erudito
711 928 850 1024 subjicit
860 973 871 1016 5
899 946 1070 1021 tamquam
1089 929 1191 1024 judici
1202 983 1212 1016 ‚
1239 955 1314 1001 suas
1332 955 1377 1004 cu

358 1065 474 1134 graeca
493 1045 606 1136 lingua
623 1043 792 1114 versiones
810 1059 846 1114 et
864 1043 1166 1116 animadversiones
1183 1044 1317 1137 publice
1342 1072 1376 1120 o·

356 1163 482 1234 dendus
506 1163 692 1254 (1}.·Quin
719 1161 805 1232 inibi
835 1163 933 1234 Oliva
960 1160 1042 1250 fuit,
1064 1181 1280 1256 utgraccam
1305 1167 1375 1238 liu-

355 1300 455 1371 guam
473 1280 677 1370 profiteretur
694 1275 831 1348 Parisiis
850 1277 951 1386 ipsis.
970 1280 1079 1348 '1¹anta
1095 1295 1166 1348 etat
1183 1279 1273 1351 iilius
1299 1283 1376 1374 opi.

356 1399 413 1466 oio
431 1400 519 1490 apud
538 1398 654 1469 Gallos
662 1451 675 1484 ,
691 1420 758 1468 oon
775 1397 954 1468 admodum
970 1395 1084 1468 mirari
1102 1397 1217 1470 soiitos
1231 1399 1374 1492 pierum-

352 1539 418 1608 que
436 1515 630 1588 extraneos!

401 1633 611 1722 Quamquam
629 1629 665 1698 id
684 1653 751 1698 nou
767 1629 888 1698 miror«
907 1631 987 1700 Erat
1003 1629 1096 1700 enim
1114 1629 1215 1700 Oiiva
1238 1633 1373 1723 praedi..

353 1765 407 1818 tus
425 1772 491 1818 non
511 1749 616 1818 solum
634 1747 733 1818 bouis
758 1748 903 1834 artibus,
932 1750 989 1819 scd
1010 1750 1112 1820 etiam
1131 1748 1299 1837 moribus,
1326 1753 1373 1826 aa

352 1863 587 1934 devinciendos
605 1863 670 1933 sibi
688 1862 856 1954 quoslibet
881 1863 1089 1954 opportunis.
1115 1865 1236 1936 Gratus
1254 1865 1289 1936 in
1309 1891 1369 1957 pa-

355 1960 474 2061 iriam,
494 1976 573 2046 licet
591 1976 730 2063 aboena,
750 1976 835 2046 vixit
853 1999 984 2066 semper
1003 1975 1151 2070 ejusdem
1170 2000 1314 2066 monson
1336 1997 1371 2050 ct

356 2109 416 2180 per
434 2089 610 2179 epistolas,
628 2089 676 2158 uti
696 2088 860 2173 vidimus,
880 2087 982 2158 coluit
1000 2089 1090 2158 cives
1108 2114 1202 2176 suos,
1220 2093 1373 2182 quamvis

352 2206 389 2274 io
409 2217 502 2272 moto
520 2204 607 2272 vitae
624 2202 819 2292 splendore.
840 2202 937 2273 Nihil
956 2201 992 2270 in
1011 2202 1071 2272 illo
1089 2227 1264 2298 arrogans,
1282 2205 1369 2276 nibil

353 2323 539 2393 tumidum:
560 2323 602 2393 de
619 2347 656 2392 se
674 2322 825 2392 modeste
843 2321 1027 2412 sentiebat.
1055 2323 1282 2396 Munitoribua
1304 2351 1370 2398 uon

353 2465 468 2532 asper,
486 2467 523 2513 se
552 2443 803 2512 enteudaturum
830 2441 1043 2534 profitebatur
1061 2467 1145 2534 quae
1163 2446 1367 2534 cognovisset

352 2561 424 2655 jure
443 2561 660 2653 aeprehendi.
687 2561 763 2629 Non
794 2556 1017 2653 indignabor,
1043 2561 1172 2652 inquit,
1200 2560 1368 2656 objectton

351 2675 442 2767 qood
455 2676 602 2746 nesciam
614 2726 626 2763 ‚
637 2674 698 2746 sed
711 2672 865 2774 gattdebo
879 2671 1029 2744 oblatum
1043 2673 1133 2764 qood
1149 2674 1277 2746 disemo
1292 2679 1306 2768 (
1331 2679 1365 2767 ).

350 2792 549 2883 Exeipiebat
566 2791 756 2861 humaniter
772 2788 830 2881 qui
848 2811 883 2858 oo
903 2787 1051 2876 adirent,
1075 2789 1179 2860 comis
1198 2791 1232 2858 iu
1251 2815 1368 2860 omnes

351 2935 391 2979 ao
414 2910 579 2996 liberalia
598 2934 677 2980 suae
696 2926 807 2979 tamen
827 2907 995 2978 amicitiae
1014 2931 1079 2978 noo
1098 2907 1274 2999 prodigus.
1295 2911 1367 2978 Do-

349 3029 475 3098 ctrinae
494 3028 632 3096 minime
648 3052 785 3114 avarus,
803 3049 901 3118 quae·
917 3025 1079 3098 didicerat
1097 3025 1366 3098 communicabit

346 3165 384 3218 et
403 3147 500 3218 aliia.

312 3281 318 3294 ·
396 3267 534 3354 Semper
552 3265 600 3334 aui
621 3265 762 3352 similis,
780 3265 913 3358 qualem
933 3289 968 3338 ae
988 3264 1150 3357 impertiit
1169 3263 1292 3350 semel,
1313 3281 1366 3335 ta-

347 3379 416 3450 lem
435 3381 627 3474 plerumque
645 3382 760 3473 quovis
779 3398 925 3472 tempore
945 3405 980 3452 sa
994 3404 1030 3451 se
1049 3378 1217 3471 praebuit.
1235 3377 1364 3468 Siquid

351 3496 483 3574 molesti
503 3497 567 3567 sibi
587 3497 784 3584 accidisset,
805 3481 1056 3582 dissimulabat,
1076 3516 1236 3585 nequem
1257 3489 1363 3562 osseo·

689 3703 1023 3734 mmmmm

389 3878 440 3958 (ι)
460 3878 546 3938 Prosc
566 3896 581 3936 e
599 3874 696 3958 poesie
713 3873 743 3934 di
766 3875 894 3936 Antonio
916 3874 1090 3956 Contipag.
1113 3869 1181 3950 259.
1203 3891 1271 3950 ²77·

384 3989 439 4068 (a)
460 3985 614 4050 Exercitat.
636 3985 668 4046 iu
685 4005 807 4048 marmor
825 3982 943 4046 isiacum
963 4002 1028 4067 cap.
1054 4001 1099 4043 ta.
1121 3999 1186 4062 pap.
1212 3977 1275 4038 tob.
