3259 4959
394 362 464 457 als
870 369 956 431 urat

393 496 493 588 geudi
522 490 700 569 studiosis.
733 494 785 563 De
813 508 946 563 auctore
964 490 1075 561 autent
1094 480 1281 581 praeclare.
1305 485 1415 586 ajunt

391 616 503 705 ipsum
530 615 591 687 hss
613 612 865 687 exercitationes
883 609 1055 702 scripsisse
1083 608 1218 701 egregie
1235 619 1271 680 el
1290 608 1418 701 docte,

392 746 428 802 et
447 731 572 826 insigni
589 731 694 803 etiarn
708 730 871 803 murronis
892 727 986 802 cultu
1012 732 1088 822 (r).-
1111 729 1177 819 Qui
1202 730 1312 805 sitam.
1335 731 1417 805 oti..

387 870 450 920 rae
469 844 586 939 gallice
604 845 774 939 exposuit,
788 846 851 920 hoc
869 845 980 936 ipsum
997 840 1191 937 opusculum
1200 870 1245 932 ‚a
1261 870 1300 927 ee
1317 842 1416 920 hali.

392 980 463 1033 tum
492 983 611 1053 magno
638 961 674 1033 in
701 962 828 1053 pretio,
848 958 948 1030 vertit
964 959 1000 1028 in
1019 960 1162 1050 patriam
1180 960 1348 1052 linguam.
1373 964 1414 1038 1,

330 1160 332 1165 ,
392 1082 535 1171 demque
561 1075 740 1155 Pantaleon
768 1080 902 1175 Roscius
923 1079 1069 1153 venustis
1099 1077 1227 1152 ornarit
1244 1073 1414 1152 homoes-

392 1193 551 1285 syllabis,
570 1210 604 1262 et
621 1191 742 1265 loanni
762 1192 861 1265 valde
878 1191 1089 1276 honorilicir,
1106 1191 1164 1281 qui
1187 1188 1352 1264 habcmtu
1370 1192 1413 1265 in

391 1304 511 1381 ultima
538 1306 687 1399 opusculi
721 1302 872 1401 ejusdem
901 1304 1042 1397 pagina.
1060 1304 1295 1382 Transcrihcre
1321 1305 1411 1390 mihi

391 1442 530 1517 quatuor
560 1437 744 1517 postremos
776 1425 878 1500 liceat
911 1420 957 1500 ad
985 1424 1120 1499 lectoris
1151 1423 1301 1497 mimum
1331 1424 1414 1495 refi«

390 1542 566 1619 ciendum:

474 1654 498 1723 'o
520 1656 606 1733 Viso
624 1676 809 1741 marmore,
827 1646 916 1748 quoti
936 1671 992 1729 tuo
1008 1654 1124 1731 libello

478 1806 497 1843 o
517 1778 557 1848 In
577 1796 735 1866 magnum
759 1774 860 1846 decus
878 1775 1039 1861 evocasti,
1058 1774 1188 1861 amice,

477 1923 497 1963 s
515 1893 677 1983 Quamvis
696 1897 917 1985 Harpocratsr
935 1895 990 1986 (a)
1009 1910 1141 1986 premat
1158 1891 1338 1981 rabulum,

482 2042 501 2077 s
522 2011 571 2083 Te
591 2034 671 2104 gens
690 2013 818 2105 inclyta
837 2013 971 2087 Romuli
989 2013 1191 2105 loquetura.

433 2126 506 2197 Etsi
533 2143 644 2199 auteur
674 2128 821 2201 Ioannes
842 2129 1005 2203 distentus
1032 2144 1103 2201 erat
1132 2144 1180 2200 tot
1198 2126 1275 2202 aliis
1297 2129 1415 2215 cuns„

386 2266 456 2313 non
474 2258 646 2333 propterea
664 2242 846 2317 intermisit
859 2262 922 2333 per
931 2239 1091 2334 epistolas
1107 2262 1258 2316 exercere
1277 2260 1398 2314 motus·

391 2382 470 2429 cum
488 2356 570 2431 siris
594 2358 750 2431 litteratis
769 2356 894 2431 officis
917 2357 1002 2435 Suos
1024 2353 1126 2431 etiam
1146 2358 1237 2429 cives
1258 2357 1411 2446 colebat,

388 2495 468 2561 prae
493 2471 919 2547 comtemnendam
951 2471 993 2545 de
1020 2471 1188 2546 silvestris
1215 2472 1349 2544 Camilli
1368 2472 1407 2541 fi.

365 2580 367 2585 ’
389 2581 495 2655 lium·
514 2584 600 2655 Huic
618 2584 704 2655 inter
718 2584 783 2653 alia
799 2609 863 2653 non
880 2607 983 2675 pauca
1000 2585 1175 2677 scripserat
1196 2586 1236 2656 de
1258 2590 1407 2681 Joseplro

389 2704 502 2777 Maria
520 2704 679 2792 Feronio,
696 2704 845 2779 maxime
867 2729 945 2775 varo
962 2704 1004 2774 de
1031 2704 1124 2778 illins
1142 2704 1249 2779 effuso
1265 2707 1300 2776 io
1318 2709 1406 2779 litte-

388 2838 478 2893 ratos
492 2848 624 2899 amors.
637 2826 747 2915 Quare
765 2824 903 2897 Carolus
920 2823 1061 2895 latinam
1074 2823 1254 2915 quamdam
1271 2827 1407 2899 Disser.

391 2943 551 3015 tationem
578 2971 597 3017 a
625 2946 772 3019 Camillo
796 2962 892 3035 patre
913 2961 1104 3029 exaratam,
1121 2959 1157 3015 et
1175 2962 1250 3033 post
1275 2944 1408 3019 obitum

391 3060 434 3135 ab
453 3086 493 3135 eo
510 3063 660 3136 relictam
680 3066 715 3141 in
738 3065 891 3156 scriptis,
910 3065 1051 3135 Romam
1072 3078 1164 3133 tanto
1177 3065 1321 3152 praesuli
1345 3066 1408 3137 do-

314 3162 315 3165 ¹
388 3202 431 3248 no
451 3178 561 3249 misiti
581 3179 743 3253 Camillus
761 3180 824 3249 lrac
843 3178 1063 3249 illustraverat
1081 3198 1233 3267 graecum
1261 3200 1407 3249 asarmot

387 3295 515 3391 jamdiu
542 3296 577 3367 iu
603 3320 680 3387 agro
698 3294 841 3367 atestino
857 3281 1016 3363 effossum
1035 3307 1069 3359 et
1087 3289 1131 3364 ab
1151 3289 1262 3362 amico
1275 3290 1340 3366 sibi
1361 3316 1430 3364 ex.

389 3426 587 3507 testamento
605 3411 749 3503 legatum
769 3409 845 3499 (ὅ).
867 3405 1009 3497 Excepit
1026 3403 1250 3483 libentissime
1272 3409 1406 3497 praesul

737 3576 1069 3605 fflfflmfflfflfflffl

432 3685 482 3764 (r)
503 3685 572 3745 Act.
590 3682 705 3747 Erudit.
724 3684 854 3765 lipsiens.
873 3705 942 3743 ann.
967 3666 1136 3765 1720.'pag.
1156 3681 1227 3760 392.

431 3786 481 3867 (a)
502 3788 537 3849 In
554 3806 610 3849 uno
631 3808 665 3847 rx
684 3799 807 3865 quatuor
822 3783 966 3851 lateribus
981 3783 1066 3847 isiaci
1085 3782 1232 3847 marmoris
1257 3782 1403 3863 eleganter

382 3912 534 3977 expressus
553 3904 614 3950 erat
632 3891 844 3972 Harpocrates.

428 4002 483 4083 β)
505 4002 619 4067 Lstterc
639 3996 749 4067 sntio
764 3995 811 4070 tltl
841 3995 998 4069 Facriclati
1017 3996 1047 4061 al
1064 4017 1109 4063 co.
1130 3992 1281 4061 Cammillo
1306 3992 1405 4073 Silus·¹
1428 3948 1436 3963 ⁹
