3259 4959
404 491 493 565 rium
513 514 586 563 rrorr
597 506 770 582 suppetat.
787 490 941 563 Similem
955 492 1150 587 esseejeltst
1164 475 1254 567 lunc
1264 496 1422 591 inexpers

404 625 439 699 to
458 605 637 699 agricolao,
656 605 713 695 qui
742 628 807 675 non
825 604 966 676 habetet
982 607 1018 675 in
1038 626 1193 699 promptu
1210 611 1338 698 locum,
1353 639 1416 685 urs

402 728 444 795 sle
464 726 593 816 plantas
620 741 765 795 sumeret
787 722 1049 810 transferendas,
1067 725 1226 819 ultiones
1250 749 1357 817 esset,
1375 734 1415 803 in

401 864 515 929 agrurn
536 840 723 931 suum(1).
744 840 795 909 Ac
813 856 988 932 propterea
1008 839 1095 911 nihil
1119 839 1319 911 iumentum
1338 844 1412 936 ipse

399 958 553 1049 reliquit,
581 957 669 1050 quod
696 957 798 1027 adid
823 955 971 1025 conferre
997 981 1095 1048 posse
1119 959 1339 1051 intelligeret.
1366 967 1414 1035 Ar

399 1099 503 1162 unus,
523 1087 572 1146 to‘t
589 1075 785 1169 praesertim
803 1068 970 1167 tantisque
988 1075 1087 1147 rebus
1113 1078 1319 1169 implicitus,
1345 1106 1412 1151 non

396 1208 528 1286 poterat
545 1177 583 1263 id
599 1202 766 1283 praestare
785 1194 858 1265 sins
869 1194 1018 1267 ‚aliorum
1036 1195 1160 1288 oriere,
1177 1219 1318 1290 qnorunr
1334 1224 1416 1289 par-

396 1307 460 1379 tim
478 1309 515 1379 in
532 1308 765 1399 promovendis
780 1310 987 1379 alumnorum
1007 1310 1145 1395 studiis,
1170 1313 1295 1402 partim
1308 1314 1347 1381 in
1362 1338 1414 1384 ro·

396 1420 513 1511 gerulis
531 1420 664 1491 illorum
685 1421 832 1491 moribus
852 1422 913 1490 toti
932 1437 1064 1493 esseut.
1084 1423 1148 1492 llis
1165 1424 1257 1493 eninr
1286 1424 1417 1495 duobus

396 1535 490 1626 quasi
512 1534 652 1605 vinculis
670 1534 833 1605 contineri
851 1534 951 1605 debet
972 1536 1217 1625 Seminarium
1235 1536 1344 1629 iisque
1362 1540 1415 1607 le-

399 1653 505 1738 xatis,
518 1652 673 1743 etipsum
689 1653 828 1723 solvitur
841 1676 908 1723 uon
925 1653 1002 1723 sine
1013 1655 1139 1747 ingenti
1154 1654 1343 1725 dioeceseos
1354 1658 1414 1725 da·

396 1793 497 1841 runo.
517 1772 565 1839 Ut
583 1769 674 1839 eninr
692 1770 722 1839 si
741 1770 901 1841 vitiosum
919 1770 1059 1867 alicujus
1077 1770 1223 1841 fabricae
1242 1772 1413 1863 exemplar

396 1888 461 1975 sit,
477 1887 665 1979 procumbit
678 1904 713 1958 et
730 1890 804 1981 ipsa
826 1890 863 1960 in
881 1890 1000 1961 vitiem
1010 1892 1060 1979 3si
1080 1908 1205 1963 recurm
1215 1907 1325 1977 ‚recta
1338 1911 1418 1959 con·

396 2007 526 2097 surgit:
565 2006 614 2077 sic
642 2006 831 2078 dioeceseos
859 2031 898 2077 ac
926 2007 1105 2079 Seminarii
1132 2010 1250 2079 eadere
1277 2007 1415 2079 omnino

396 2124 544 2195 conditio
561 2142 634 2213 est,
653 2152 673 2197 a
692 2152 757 2219 quo
776 2128 847 2218 peti
867 2125 1009 2221 debent,
1029 2127 1086 2219 qui
1105 2127 1258 2199 eamdem
1278 2140 1414 2217 regent.

394 2240 507 2327 Quare
532 2240 620 2309 unde
647 2242 735 2311 unde
753 2240 866 2333 coepit
891 2241 1064 2333 exquirere
1091 2257 1296 2334 praestantes
1323 2239 1414 2307 viros

395 2375 473 2424 cum
501 2354 661 2425 scientiae
688 2356 809 2439 laude,
833 2372 905 2425 mm
924 2356 1039 2443 ritae,
1067 2378 1206 2447 quorum
1224 2376 1309 2445 ope,
1327 2352 1416 2445 quod

393 2456 640 2555 nieditaltatur,
666 2472 856 2562 perliceret.
886 2472 1007 2561 Neque
1024 2473 1115 2540 enim
1141 2471 1287 2558 vulgaris
1312 2494 1416 2559 qnae·

393 2586 475 2657 dam
493 2585 672 2656 seminarii
690 2586 796 2657 forma
814 2612 853 2658 an
872 2589 1001 2677 species
1018 2588 1056 2657 ira
1072 2585 1144 2680 ejus
1161 2600 1278 2653 urente
1292 2586 1417 2657 inside-

393 2698 472 2791 bat,
491 2702 550 2775 sed
569 2702 810 2797 pulcherrime,
828 2703 893 2775 sed·
908 2701 1053 2773 duria:
1069 2702 1113 2774 ad
1141 2702 1227 2772 hano
1244 2700 1304 2775 ille
1331 2727 1412 2775 oon-

395 2818 473 2889 silis
491 2844 553 2889 suat
570 2817 752 2890 referebat.

400 2992 405 2999 .
438 2935 589 3009 Primum
603 2940 716 3031 itaque
731 2937 852 3011 accivit
869 2937 1064 3011 Mediolano
1082 2936 1326 3031 probatissimis
1342 2960 1412 3009 mo·

393 3051 487 3125 ribus
513 3058 740 3145 sacerdotem,
759 3082 859 3151 quoru
883 3058 1082 3150 disciplinae
1100 3059 1330 3142 alumnorum,
1356 3074 1410 3125 to-

393 3168 487 3263 tique
503 3175 695 3247 seminario
710 3176 886 3269 praefecit.
913 3183 995 3249 Erat
1023 3180 1053 3248 is
1077 3178 1215 3251 Carolus
1232 3176 1408 3249 Bartholo-

392 3310 508 3363 rnaeus
526 3293 668 3382 Piazaa,
692 3295 784 3391 cujus
803 3320 925 3368 nornen
952 3298 1080 3368 erudita
1100 3296 1143 3367 ah
1166 3297 1240 3388 ipso
1266 3295 1408 3391 jampri-

391 3400 471 3473 dem
489 3408 580 3479 edita
599 3428 815 3482 monumenta
832 3411 1057 3498 illustrarunt,
1076 3426 1111 3480 et
1138 3410 1314 3503 splendida
1331 3434 1409 3479 me-

391 3538 472 3591 nera
501 3527 632 3619 egregie
652 3545 763 3618 gesta.
784 3529 850 3598 llic
868 3530 1037 3599 sodalitati
1057 3530 1089 3599 ei
1107 3553 1229 3601 nomen
1249 3529 1385 3599 dederat
1396 3581 1410 3616 ,

394 3662 495 3735 quam
512 3644 700 3719 Mediolani
719 3646 848 3744 jamdiu
866 3648 1056 3726 instituerat
1073 3650 1108 3722 S.
1127 3648 1265 3721 Carolus
1290 3648 1407 3721 Berro-

733 3875 1067 3913 mmm

429 4012 485 4103 o>
505 4015 574 4114 Αςι.
592 4017 697 4087 naor.
715 4018 761 4110 r.
778 4022 835 4093 rv.
853 4024 997 4093 sum.
1015 4039 1084 4106 pe.
1099 4022 1173 4087 na·
