3259 4959
514 385 696 435 rntncrscr
715 384 893 436 eorumne
1132 363 1196 453 421
1245 434 1251 452 ,

186 527 249 596 qne
270 502 404 575 refectos
418 506 523 576 denuo
541 505 675 596 protulit
692 529 766 576 curn
786 505 1018 598 posterioribus
1033 509 1107 577 aliis
1124 511 1204 579 dnos

188 621 296 690 decim
316 645 391 690 ann.
417 622 521 712 1788,
541 621 661 690 iisdem
683 624 865 712 praemissa
889 625 1029 714 epistole
1058 626 1101 694 ad
1129 629 1201 695 Arr-

187 735 315 804 tonium
339 739 464 804 Zenum
484 734 660 825 patricium
685 753 860 824 venetum,
881 739 1033 832 juvenem
1063 741 1203 808 ornatis-

187 852 331 946 simum,
351 849 441 942 eujus
461 849 640 918 litterariae
660 850 862 922 domesticae
882 853 1083 924 institutioni
1110 880 1202 946 prae·
1227 875 1232 887 ’

188 984 260 1036 erat
279 991 320 1034 ex
343 962 483 1054 imperio
504 964 622 1054 petris,
642 965 704 1034 viri
728 965 764 1034 in
793 967 919 1056 graecis
938 969 1115 1059 praecipue
1144 970 1204 1040 lit-

189 1081 267 1152 teris
288 1082 425 1153 eruditi.

234 1197 274 1264 In
293 1199 355 1270 hae
373 1195 552 1268 lectoribus
571 1196 733 1287 quaedam
762 1196 1056 1270 animadvertenda
1083 1223 1205 1292 propo-

188 1316 239 1385 nit
250 1367 260 1400 ,
279 1317 399 1408 quihus
419 1316 491 1385 tolli
511 1316 617 1400 dicit,
641 1332 676 1384 et
703 1339 897 1390 evanescere
921 1318 1081 1408 plurimas
1111 1321 1205 1387 criti-

189 1453 302 1502 corum
320 1431 354 1498 in
377 1431 556 1500 Homerum
570 1411 820 1501 accusationes.
843 1431 897 1501 Ne
915 1433 989 1521 quis
1018 1450 1150 1517 autern,
1169 1448 1208 1502 ut

192 1545 294 1614 nimis
314 1545 507 1629 molestum,
523 1542 688 1614 fastidiret
707 1544 884 1614 lectionem
902 1545 1000 1637 hujus
1020 1547 1206 1636 poematis,

191 1663 405 1750 repetitiones
418 1685 532 1732 omnes
551 1662 684 1747 omisit,
697 1685 781 1754 quoe
801 1662 836 1730 in
856 1662 914 1730 illo
932 1679 1209 1754 occurrunt,per·

186 1797 285 1870 petua
306 1779 472 1874 epitheta,
487 1798 613 1853 veteres
629 1783 772 1868 fabulas,
786 1788 996 1874 perterretur,
1012 1806 1051 1851 ea
1067 1782 1203 1855 demum

190 1897 316 1982 omnia,
326 1919 410 1988 quse
424 1896 553 1968 censuit
566 1897 680 1967 abesse
691 1921 786 1989 posse
800 1901 871 1968 sine
880 1901 947 1968 ulto
964 1897 1112 1991 ejusdem
1124 1921 1206 1988 poe-

187 2012 286 2080 matis
308 2012 525 2082 detrimento.
546 2015 589 2082 Et
602 2035 641 2082 ea
664 2013 699 2081 in
724 2012 843 2102 primis
859 2012 991 2096 omisit,
1009 2036 1092 2102 quae
1106 2027 1203 2101 puts-

185 2130 233 2198 vit
248 2130 394 2202 honestis
407 2130 539 2200 auribus
560 2129 658 2218 plane
677 2130 811 2221 indigna
824 2175 832 2192 ·
844 2129 937 2199 tlibi
954 2151 1030 2198 vero
1044 2109 1203 2197 nonnulla

188 2247 335 2331 addidit,
345 2265 380 2317 ut
395 2247 500 2338 magis
513 2263 639 2338 pateret
658 2249 798 2318 auctoris
811 2272 904 2318 mens
915 2264 967 2333 ,et
983 2271 1090 2315 rerum
1101 2269 1205 2316 nexus

186 2378 366 2431 constaret.
385 2365 504 2454 Neque
524 2364 608 2433 hane
628 2387 697 2432 rem
717 2363 834 2431 hebuit
851 2363 1003 2453 religioni
1016 2412 1025 2430 .
1039 2365 1099 2430 Est
1112 2362 1203 2431 enirn

189 2477 296 2548 adhue
316 2478 393 2562 ille,
423 2503 522 2569 quem
547 2477 643 2548 nobis
672 2477 791 2562 tradit,
809 2477 882 2570 ejus
905 2476 1047 2570 judicio,
1074 2478 1202 2546 Home-

187 2613 260 2660 rus.
281 2593 383 2686 Cujus
402 2594 571 2685 ingenium
592 2593 739 2663 maxime
764 2593 913 2662 naturaie
940 2609 977 2662 ut
1005 2593 1206 2684 exprimeret

191 2710 405 2812 natpraliter,
439 2708 557 2778 maluit
588 2710 623 2776 in
648 2732 686 2778 eo
711 2709 868 2778 vertendo
890 2712 1064 2780 vernacula
1094 2710 1207 2802 lingua

194 2828 262 2915 uti,
292 2851 390 2922 quam
416 2829 480 2898 alia
510 2829 626 2920 quavis
652 2830 851 2922 elegantiore
867 2832 921 2923 (r)
947 2854 987 2900 eo
1007 2831 1118 2905 ‚etiam
1143 2829 1206 2899 for-

534 3077 866 3106 ἊΜἊΜΜΜΜΜΜ

232 3263 281 3339 (ι)
303 3257 384 3344 Quid
403 3257 637 3344 praestantissimi
658 3255 714 3320 viri
746 3255 782 3336 de
805 3255 860 3319 hae
888 3258 1021 3320 versione
1054 3261 1209 3340 senserim

189 3365 256 3428 vide
275 3365 305 3426 in
325 3367 422 3449 primis
446 3369 643 3438 Cesarottum,
665 3369 713 3447 qui
726 3364 757 3426 in
778 3389 829 3429 sua
846 3367 945 3427 Iliade
966 3369 995 3426 d·
1012 3367 1118 3428 Omero
1139 3369 1208 3432 T.1

188 3496 252 3559 pag.
275 3476 343 3551 254.
366 3473 434 3535 edit.
459 3475 533 3559 1798
552 3473 622 3534 lrsee
641 3470 751 3536 haber:
779 3495 796 3536 s>
820 3473 950 3556 L'sbate
963 3473 1120 3536 Fraueesco
1136 3477 1209 3538 noa·

186 3609 203 3646 »
227 3585 292 3645 retti
317 3585 344 3645 ei
371 3581 454 3643 diede
487 3596 561 3643 tutta
587 3582 607 3641 l·
623 3580 713 3642 llirde
747 3583 778 3642 iu
807 3595 904 3642 ottavo
923 3581 995 3642 rima
1020 3582 1087 3643 nell'
1102 3582 1210 3648 idioma

187 3685 487 3749 olomhardoveneto
517 3707 572 3746 eon
596 3705 710 3762 ,somma
735 3683 878 3765 rogherus
901 3706 916 3744 e
947 3685 1053 3745 telicirt
1067 3709 1105 3746 s.
1129 3686 1207 3751 Vide

191 3795 376 3856 Morchimrm
397 3797 480 3854 dello
508 3797 687 3856 letteratura
709 3813 806 3854 venes.
827 3795 916 3854 Toru.
936 3793 1029 3874 Ipag.
1051 3791 1119 3873 273.
1132 3799 1203 3873 274.

189 3903 265 3984 apud
276 3925 357 3986 qoem
369 3904 418 3966 ubi
430 3904 486 3988 agit
496 3903 532 3964 de
543 3905 691 3977 Bosretto‚
702 3899 772 3962 haee
791 3901 866 3962 iuter
881 3901 937 3961 slis
964 3911 1161 3961 occur-rents»
1179 3899 1208 3966 11

187 4003 275 4068 thiar.
305 4008 357 4091 sig.
387 4007 434 4078 ab,
466 4007 585 4070 Saverio
611 4005 758 4072 Bettinelli
788 4005 850 4068 eost
868 4007 897 4066 ι’
907 4002 979 4066 ebbe
1009 4002 1191 4066 esurirem:
