3259 4959
570 411 692 462 rrcosr
715 407 938 460 rennoonror
1191 387 1266 460 oss

222 507 437 623 praemisit,
455 547 540 618 quae
558 527 647 594 riam
666 527 760 616 quasi
779 543 940 594 sterneret
968 524 1009 594 ad
1034 539 1264 615 argumentum

244 647 309 716 sibi
329 646 551 737 propositum.
567 645 661 714 Hauc
680 645 773 735 sequi
789 643 894 713 noluit
909 643 1049 712 ducenta
1068 659 1102 712 et
1121 643 1265 732 amplius

244 759 469 852 problemata,
482 779 618 850 quorum
635 756 702 826 alia
713 757 757 828 ad
771 776 842 826 rem
856 757 1083 828 mechanicam
1096 771 1266 846 spectant,

246 891 281 942 et
293 874 520 958 dynamicam:
532 870 713 944 referuntur
725 871 791 942 alia
804 872 846 940 ad
859 871 1085 962 hydraulicam
1102 887 1137 938 et
1149 871 1268 962 hydro-

246 993 400 1059 staticam
410 1044 421 1077 ‚
440 992 482 1060 ad
502 991 775 1072 architecturam,
801 1005 961 1058 astrorum
981 988 1174 1074 scientiam,
1194 1009 1267 1080 geo-

247 1105 438 1196 graphiam,
461 1121 496 1175 et
511 1104 659 1190 similia3
678 1125 762 1201 quae
781 1101 894 1172 omnia
912 1101 1054 1174 Jacolrus
1082 1101 1182 1173 solvit
1210 1123 1270 1192 per

247 1223 418 1312 analysin.
438 1219 626 1290 Ostendunt
649 1217 732 1288 haec
751 1217 861 1308 ipsum
882 1217 917 1286 in
938 1235 1004 1288 tarn
1025 1219 1140 1289 subtili
1168 1241 1271 1310 nego.

248 1340 294 1408 tio
313 1341 432 1408 ceteris
450 1337 577 1431 praeire
595 1337 690 1429 quasi
705 1337 883 1430 quemdam
903 1337 1171 1426 antesignanum.
1191 1339 1269 1410 Cer·

249 1469 284 1526 te
303 1481 400 1525 nemo
421 1475 539 1539 antea,
560 1479 662 1546 aeque
682 1479 720 1524 ac
735 1456 815 1539 ille,
836 1456 979 1546 analysis
999 1479 1092 1526 usum
1114 1471 1271 1541 auxerat,

252 1593 352 1639 nemo
371 1571 524 1642 eamdam
540 1571 575 1638 in
596 1585 644 1637 tot
663 1569 857 1659 disciplinas
879 1570 1081 1640 traduxerat.
1097 1570 1205 1660 Ipsius
1221 1585 1272 1639 est

252 1687 288 1760 in
308 1691 517 1780 exquirendis
535 1689 632 1758 rebus
651 1710 773 1779 magna
797 1689 980 1778 sagacitas,
1008 1687 1043 1762 in
1067 1689 1271 1778 exponendis

250 1831 381 1878 summa
401 1806 564 1892 felicitas3
588 1805 674 1875 unde
695 1821 851 1894 apparet,
874 1829 949 1876 eum
980 1803 1061 1874 haec
1082 1827 1147 1874 non
1176 1827 1273 1876 nosse

250 1937 401 2008 tantum,
417 1921 475 1993 se'd
495 1921 632 1991 scientia
652 1938 686 1991 et
704 1922 892 2014 cognitione
911 1921 1207 2013 comprehendero.

297 2039 370 2110 Vix
387 2037 504 2111 eadem
527 2038 563 2107 in
590 2037 699 2113 lucem
727 2035 831 2108 missa
858 2037 997 2106 retulere
1017 2035 1152 2116 laudes,
1176 2033 1272 2124 plau-

251 2175 338 2235 sus,
369 2151 602 2244 gratulationes
633 2173 653 2218 a
684 2148 763 2214 viris
796 2148 896 2216 totius
932 2152 1081 2237 Europae
1116 2147 1273 2218 doctissi-

252 2267 317 2337 mis'
337 2271 410 2358 (ι).
429 2265 518 2342 Tum
539 2267 627 2356 regia
646 2265 1059 2339 scientiarum'Acadernia
1078 2265 1269 2360 parisiensis

253 2384 414 2454 Jacobun‘r
434 2383 498 2456 sibi
519 2383 644 2454 socium
663 2383 804 2457 adscivit
824 2383 909 2458 ultro
931 2383 1164 2474 perhonorifico
1193 2407 1272 2457 suae

164 2527 173 2538 ·
253 2503 290 2571 in
319 2525 397 2571 cum
424 2501 679 2578 existimationis
707 2503 897 2577 testimonio
926 2501 968 2579 ad
987 2503 1140 2574 eumdem
1170 2504 1272 2573 misso

255 2642 314 2710 per
325 2619 452 2689 litteras
471 2643 529 2689 suo
548 2633 723 2690 stemmate
742 2638 871 2689 ornatas
883 2621 936 2711 (2)
949 2674 956 2692 .
967 2621 1063 2710 Quod
1077 2621 1210 2714 quidem
1225 2620 1273 2688 in·

254 2749 324 2802 star
343 2730 507 2822 praeconii
526 2731 670 2821 ingentis
689 2733 793 2802 videri
812 2733 911 2803 debet
931 2733 1149 2804 consideranti
1169 2735 1273 2804 natio-

255 2845 308 2913 nis
331 2847 420 2917 illius
439 2845 609 2940 ingenium
630 2869 694 2920 non
713 2847 892 2920 admodum
912 2873 1092 2944 propensae
1112 2849 1148 2918 in
1168 2865 1273 2921 extra-

253 2983 355 3036 neos.

600 3127 931 3162 ΜΜΜΜΜΜΜ

301 3267 350 3343 (ι)
370 3267 442 3326 Pras
455 3270 556 3330 cereris
576 3289 670 3330 comcs
695 3268 827 3334 d'lllbon
847 3271 997 3350 magnifice
1017 3265 1062 3331 de'
1084 3269 1208 3356 Jacobo.
1225 3273 1273 3334 Eo

259 3364 321 3446 ejus
349 3369 488 3428 sententia
516 3371 587 3432 italo
615 3391 745 3434 semona
767 3374 915 3456 exposita.
947 3395 965 3433 r>
990 3373 1093 3434 L’alta
1122 3375 1274 3455 geometria

255 3489 278 3536 s
298 3473 348 3531 s’d
365 3471 517 3532 abbasrata
538 3473 656 3536 dinann
687 3477 715 3538 sl
744 3477 798 3558 sig.
831 3479 913 3540 abate
934 3479 1093 3560 Belgrads.
1115 3479 1140 3544 ll
1166 3502 1218 3543 suo
1238 3481 1275 3541 li-

252 3600 279 3641 u
299 3575 351 3638 lsro
371 3597 454 3662 sopra
473 3578 555 3641 l'uso
575 3579 754 3643 dcll'analisi
773 3585 852 3646 nella
869 3585 950 3647 lisina
969 3589 985 3648 d
1004 3585 1081 3648 d’un
1100 3601 1275 3649 osssrvatore

258 3701 279 3745 2
299 3679 495 3764 profundos.
513 3679 775 3768 Disc.polit.lrist.
795 3699 825 3748 et
844 3689 907 3752 crit.
927 3711 977 3752 sur
1005 3692 1139 3776 quelques
1158 3704 1218 3754 nat.
1238 3689 1275 3752 de

262 3783 427 3867 l’Europe‚
452 3786 527 3868 1782
546 3786 617 3851 vol.
635 3789 666 3850 ll
684 3809 751 3872 pag.
771 3809 839 3856 aur.

304 3891 355 3967 (2)
374 3891 434 3951 Dio
467 3913 503 3952 so
531 3892 615 3956 Febr.
638 3895 724 3977 1762.
743 3896 965 3961 Commentario·
973 3899 1050 3963 della
1068 3901 1129 3965 rita
1158 3919 1217 3964 ccc.
1244 3897 1276 3968 ‹li

263 3981 371 4076 Jacopo
391 3990 531 4077 Belgrado
548 4015 616 4080 pag.
608 3999 680 4058 .82.
1111 4033 1115 4040 ·
