3259 4959
533 395 619 450 trra
636 392 789 458 aurumi
806 392 924 458 tantm
1163 380 1231 476 alp

203 512 326 592 badieo
349 513 520 588 cardinali
540 515 806 586 eminentissimo
824 516 978 608 episcopo
998 514 1156 608 patavino
1174 521 1228 608 (a)

203 632 469 718 commendavit,
482 645 519 704 ut
532 630 718 724 praemium
736 629 781 700 ab
795 631 836 699 eo
856 631 1076 718 retulerit‚iis
1094 631 1232 728 quidem

206 747 411 839 temporibus
430 742 502 817 dari
521 745 680 830 solitum,
700 744 759 815 sed
785 743 854 813 illis
876 757 1003 816 tantum
1014 797 1026 834 ,
1046 746 1103 838 qui
1129 771 1229 839 supra

203 881 330 934 eeteros
356 885 424 932 non
451 860 577 954 ingenii
614 859 751 940 minus,
780 879 880 950 quarn
907 858 995 930 vitae
1022 861 1119 937 laude
1147 865 1230 932 emi.

203 993 336 1048 nerent.
354 977 458 1050 Paulo
476 991 551 1068 post
568 975 605 1047 in
624 996 717 1044 sacro
736 973 891 1064 patavino
912 973 1135 1068 theologorum
1154 977 1234 1048 cot

203 1091 293 1184 legio
312 1091 455 1162 doctoris
484 1088 673 1180 insignibus
700 1101 883 1182 exornatus
904 1087 940 1158 in
957 1111 1069 1160 eorum
1096 1109 1228 1166 coetum

205 1210 423 1281 describitur·
442 1211 529 1282 Mox
557 1219 729 1304 cooptetur
759 1206 847 1280 inter
875 1207 1024 1298 patavini
1049 1208 1229 1288 Seminarii

208 1325 401 1420 magistros.

249 1447 350 1534 Quod
366 1445 504 1540 quidem
523 1469 644 1516 munus
662 1468 777 1539 urgere
795 1443 906 1536 coepit
925 1444 1095 1540 impense.
1117 1447 1229 1536 thue

204 1581 278 1639 erat
296 1569 340 1638 ad
351 1567 574 1660 eloquentiam
588 1566 623 1635 in
641 1566 761 1660 primis
780 1568 901 1651 lactus,
922 1564 998 1633 ideo
1018 1564 1060 1635 ad
1077 1563 1229 1636 eamdem

203 1679 467 1753 Seminarienses
498 1683 660 1754 Alumnos
690 1680 883 1774 aliquandiu
912 1681 1020 1774 jussus
1044 1678 1107 1750 fuit
1135 1681 1230 1748 insti-

206 1809 328 1889 tuere3
356 1801 458 1894 idque
483 1801 608 1872 eximia
635 1825 712 1871 eum
743 1801 841 1872 laude
861 1799 1027 1892 praestitit
1055 1817 1089 1870 et
1117 1823 1230 1870 eorum

204 1917 369 1990 utilitate.
384 1922 569 2014 Plurimum
587 1943 718 2015 qaoque
736 1922 841 1993 valuit
861 1943 977 2013 graeca
996 1917 1109 2011 lingua
1118 1971 1129 2005 ,
1145 1918 1227 1990 adeo

203 2034 256 2107 illi
275 2035 426 2128 cognita,
443 2053 481 2106 ut
495 2057 649 2127 grassum
667 2035 862 2125 scriptorem
881 2033 1065 2126 quemlibet
1085 2035 1142 2103 via
1160 2033 1227 2123 ipsi

203 2149 392 2224 exhibitum
412 2169 640 2245 assequeretur
653 2147 751 2221 lacile
770 2153 843 2221 sine
864 2153 1060 2242 interprete,
1076 2152 1224 2243 exeeptis

205 2267 336 2354 poetis.
360 2265 445 2335 Sunt
462 2262 554 2333 enim
572 2264 608 2333 bi
627 2264 746 2333 ceteris
766 2264 863 2355 longe
883 2261 1108 2356 difficiliores,
1136 2267 1224 2358 quod

203 2383 272 2450 elia
290 2379 529 2470 propemodum
550 2380 661 2471 lingua
693 2397 847 2451 utantur.
868 2381 1015 2473 Antiqua
1042 2383 1226 2454 eruditione

204 2491 354 2588 pollebat
365 2541 377 2582 ,
397 2511 431 2564 et
461 2494 652 2588 explicandi
673 2495 794 2590 peritia
811 2512 961 2568 veterum
985 2492 1134 2590 lapidum
1171 2498 1225 2568 in..

205 2609 422 2705 scriptiones.

251 2729 490 2799 Delectabatur
508 2741 679 2821 praeterea
697 2728 844 2798 manime
863 2725 970 2806 lactea
990 2726 1049 2800 illa
1071 2728 1222 2810 ubertate

202 2846 313 2932 Livii,
332 2863 366 2916 et
384 2848 470 2918 hanc
489 2845 524 2916 in
543 2870 620 2916 eam
639 2847 893 2938 propensionem
912 2871 1044 2940 semper
1061 2847 1222 2920 servarit.

202 2959 421 3034 Gravioribus
439 2961 614 3051 expeditus
645 2961 821 3032 Paroeeiae
840 2962 927 3032 euris
948 2963 1052 3054 (oui,
1076 2978 1113 3032 ut
1143 2984 1223 3034 mox

202 3076 415 3165 videbimus,
433 3104 470 3148 se
486 3102 524 3148 se
543 3079 747 3173 addixerat)
765 3081 975 3151 detinebatur
994 3081 1029 3158 in
1049 3105 1089 3152 eo
1113 3080 1223 3172 legen·

198 3188 267 3259 do:
287 3214 365 3262 eum
383 3192 509 3262 studuit
527 3194 703 3266 scribendo
721 3195 928 3288 exprimere,
947 3213 981 3266 et
1001 3194 1139 3268 tulliana
1158 3196 1222 3274 ele-

202 3310 316 3398 gantis
342 3307 552 3403 adspergere.
575 3314 687 3390 Cessit
706 3341 757 3386 res
776 3340 819 3387 ex
847 3333 942 3387 voto.
962 3315 1102 3388 Constat
1124 3313 1160 3387 id
1178 3343 1222 3402 ex

201 3428 370 3512 oratione,
389 3452 489 3518 quam
509 3430 601 3502 dedit
624 3437 666 3506 de
689 3436 808 3506 Carolo
836 3437 956 3508 Pisano
983 3433 1128 3528 equite(
1145 3439 1222 3530 qui·

202 3567 280 3621 cum
300 3545 366 3637 ipsi
386 3569 506 3638 magna
526 3551 733 3621 necessitudo
752 3554 768 3644 )
785 3576 863 3626 turn
886 3555 922 3623 in
950 3557 994 3630 D.
1014 3553 1124 3628 Marci
1144 3577 1222 3646 pro·

198 3676 384 3735 curatorem
403 3663 528 3733 eleetos
547 3662 720 3755 dignitatis
735 3667 964 3758 amplissimae
978 3665 1220 3762 possessionem

544 3899 877 3942 mmmmmmmm

240 4040 293 4120 (ι)
313 4037 392 4108 Vide
413 4039 474 4124 ejus
492 4045 583 4126 vitam
600 4064 668 4130 pag.
686 4045 756 4122 aad,
