3259 4959
531 366 895 426 ricoarasrnoouanr
1161 363 1229 446 277

204 507 279 564 tuae
298 510 336 563 ae
353 486 541 564 Placentiae
560 492 636 562 ‹luei
655 492 800 577 dicarit,
819 493 862 576 ad
880 481 1035 564 eumdem
1059 493 1224 582 praemis-

203 633 241 680 ua
259 612 424 702 epistola.
444 611 499 684 sic
524 634 619 703 porro
641 611 833 681 inscribitur
852 610 1059 702 disquisitio:
1082 640 1102 675 s
1125 613 1143 680 1
1170 609 1222 680 lo·

203 751 224 792 o
245 725 378 794 numeni
397 724 536 796 slettriei
556 747 617 794 con
637 724 651 793 i
671 724 819 818 corollas]
831 725 873 794 dn
886 725 935 794 lor
954 724 1105 810 dadoni,
1121 749 1140 796 e
1159 749 1221 795 con

202 870 222 908 s
244 843 256 912 i
276 841 356 910 fonti
381 843 415 912 di
436 842 510 928 eid,
527 842 591 911 ohe
613 843 714 913 rende
738 843 944 936 malagevola
962 843 997 914 la
1014 843 1137 914 tieem
1165 845 1221 914 dal

202 987 222 1026 o
245 959 409 1053 principio
428 962 577 1032 eletrrico
592 993 637 1029 s,

246 1077 286 1144 ln
308 1074 372 1145 hae
390 1075 505 1166 paneis
523 1073 736 1164 Bellogradus
756 1070 862 1146 multa
881 1067 1072 1164 concludit,
1091 1076 1226 1150 eadent-

202 1215 267 1286 que
278 1209 393 1284 aperte
405 1209 439 1262 at
452 1191 621 1282 eleganter
635 1185 793 1284 erponit.
807 1197 896 1264 Tum
915 1217 973 1266 eos
990 1199 1145 1288 accusat(
1157 1198 1226 1268 No

201 1309 319 1380 latium
337 1310 533 1400 praesertim
552 1325 587 1380 er
605 1310 871 1382 Dalernbertium
885 1315 900 1404 )
910 1365 921 1398 ,
940 1313 996 1404 qui
1016 1313 1058 1384 de
1085 1311 1222 1384 electri·

201 1426 327 1512 citate‚
348 1447 385 1498 re
411 1427 541 1498 scilieet
568 1452 633 1498 nou
658 1431 755 1520 plane
775 1432 907 1522 cognita
923 1483 933 1514 ,
952 1455 1036 1501 vana
1055 1433 1221 1522 protulere

199 1553 407 1632 &sternutus
431 1547 564 1640 sibique
591 1549 723 1639 plaeere
750 1548 896 1619 ostendit
914 1549 1040 1618 cantius
1069 1549 1220 1639 philoso-

203 1655 321 1744 phari.
351 1658 520 1729 Nimirum
552 1683 629 1751 prae
659 1660 765 1732 oeulis
792 1660 938 1731 habebat
956 1660 1039 1730 illud
1069 1671 1217 1732 aetatem

201 1793 304 1842 unum
328 1794 395 1842 non
421 1771 579 1867 naffitere
608 1773 656 1846 ad
681 1772 934 1864 inquisitionem
952 1775 1157 1868 tantorum(
1180 1777 1219 1867 ).

201 1890 291 1963 ilino
322 1892 517 1964 Parthenius
551 1894 708 1986 pleraque
745 1893 931 1984 desumpsit
963 1892 1221 1984 experimenta,

199 2032 284 2098 quae
303 2010 450 2082 versibus
473 2009 558 2082 libro
581 2012 690 2102 primo
716 2012 944 2082 electricorum
973 2013 1133 2103 explicuit
1163 2035 1219 2081 se·

199 2131 372 2200 veritatem
391 2131 559 2202 doctrinae
578 2146 767 2219 temperans
785 2131 947 2199 suavitate
963 2150 1101 2218 poeseos
1120 2131 1135 2220 (
1161 2133 1195 2217 ).

246 2240 363 2312 Doetis
381 2242 492 2311 arrisit
510 2242 690 2330 plurimum
719 2241 905 2314 dissertatio
936 2243 1010 2332 (5)r
1036 2242 1218 2331 plurimum

200 2355 422 2430 Maeeenati.
452 2360 516 2430 Hie
543 2360 579 2429 id
607 2361 800 2451 Bellogrado
823 2359 999 2452 significari
1027 2358 1130 2430 voluit
1161 2382 1221 2450 per

199 2473 375 2564 epistolam
399 2473 443 2543 ab
463 2497 503 2544 eo
520 2473 690 2566 ipso,·qui
710 2473 776 2542 sibi
808 2474 982 2544 assereris
1004 2489 1095 2561 erat,
1125 2473 1219 2567 errius

198 2591 338 2685 &unsilia
356 2592 509 2663 utebatur
526 2593 563 2663 in
576 2592 714 2664 ducatus
732 2593 833 2664 totins
852 2592 1032 2686 regimine.
1052 2596 1114 2664 Per
1127 2617 1220 2664 enni·

200 2690 386 2776 dem'rnitti
415 2723 583 2798 praeterea
602 2707 700 2800 iussit
716 2708 760 2777 ad
778 2706 874 2778 illum
892 2707 1005 2780 literas
1031 2733 1090 2778 sno
1113 2723 1218 2778 staur·

201 2833 291 2894 tuate
309 2824 426 2917 gentili
451 2826 651 2928 impressas.
675 2829 716 2896 In
743 2826 796 2896 his
824 2823 935 2920 aiebat
961 2825 1121 2896 iacobum
1141 2851 1160 2894 a
1179 2848 1217 2896 se

199 2940 412 3009 constitutum
428 2937 531 3008 inisse
541 2941 781 3009 moderatorem
792 2937 1013 3011 conscientias
1026 2962 1104 3010 suae
1119 2961 1216 3028 spon·
1328 2982 1330 2988 .

197 3077 254 3126 rae
273 3057 448 3146 'Augustae
468 3055 522 3142 (4)
542 3068 576 3120 st
602 3051 731 3142 rugium
756 3052 901 3122 aulicum
920 3053 1054 3142 insuper
1080 3049 1215 3120 matire-

199 3171 379 3245 naucum.
399 3173 510 3262 Quare
527 3171 682 3241 eumdem
700 3172 737 3242 iu
753 3189 921 3262 postorum
941 3168 1005 3240 frui
1024 3167 1145 3242 debere
1170 3168 1216 3272 iis¹

540 3331 870 3363 mmmmm

242 3439 291 3522 (t)
312 3441 421 3508 Seneca
439 3435 462 3502 l.
483 3465 512 3523 7⁶
533 3442 654 3504 natural.
676 3456 785 3524 quaest.
805 3463 832 3503 er
852 3440 902 3504 25.

240 3553 289 3633 (2)
311 3553 471 3612 comment.
491 3551 541 3611 eit.
562 3568 628 3632 pag.
644 3554 695 3612 δι,

239 3661 290 3744 (5)
311 3663 403 3722 Men.
423 3679 496 3743 pnnr
513 3659 611 3720 l’hiu,
632 3657 684 3719 tiss
706 3660 812 3719 ssione.
835 3667 863 3719 et
879 3653 971 3720 iream
992 3665 1060 3721 aru.

243 3769 294 3846 (4)
316 3767 371 3827 Cui
390 3765 466 3826 idern
486 3763 601 3826 additus
620 3777 720 3845 poster
740 3779 834 3822 comes
851 3763 882 3823 iu
907 3763 1008 3822 itinere
1027 3763 1058 3824 in
1084 3759 1214 3833 Gallim

202 3874 240 3936 ab
257 3876 319 3958 ipsa
338 3875 429 3936 initur
452 3877 526 3935 Eam
547 3872 695 3934 comitatus
722 3881 766 3932 est
785 3864 917 3934 Genuam
942 3889 1032 3950 usqne
1057 3881 1086 3930 et
1110 3870 1215 3954 daga·
1297 3908 1304 3919 -

198 3990 273 4042 stau
288 3980 481 4046 Taurinorum
500 4001 565 4045 euru
585 3977 684 4043 eadm
710 3973 817 4064 alimur
835 3988 970 4067 arreptor
988 3971 1213 4064 pannoniam
