3259 4959
1190 376 1264 428 xxt

251 489 303 587 jus
321 485 464 559 universi
483 508 549 555 non
570 499 693 555 temere
711 506 771 554 nec
791 508 869 554 casu
896 481 1031 571 effecti,
1050 486 1109 559 sed
1132 492 1264 584 sapien-

252 606 297 675 tia
316 600 517 690 consilioque
536 598 669 683 divino,
687 596 842 697 videlicet
860 614 896 666 ut
910 598 1080 669 hominem
1099 600 1262 675 nefarium

250 738 284 790 et
311 718 452 789 absurda
481 714 673 807 opinionum
699 730 848 785 monstra
875 740 1026 806 perverse
1055 742 1094 787 ac
1121 721 1260 809 turpiter
1362 760 1365 777 ·

248 830 467 925 proferentem
487 828 635 899 omnium
656 829 820 897 rationum
840 829 872 897 vi
901 827 1044 916 refellat,
1073 855 1111 900 ac
1138 833 1263 921 pudore

248 948 433 1021 suffundat.
453 950 621 1039 Quantum
642 970 718 1017 vero
738 948 882 1017 delector
901 973 1014 1019 eorum
1032 939 1262 1036 sermonibus,

247 1068 304 1161 qui
324 1067 365 1137 dc
384 1068 528 1137 hunuano
548 1066 661 1135 animo
691 1065 897 1155 disputantes
917 1066 1085 1158 explicant
1112 1066 1263 1137 liberali-

248 1201 317 1271 ter,
337 1210 375 1256 ac
394 1185 548 1255 molliunt
567 1207 775 1254 numerorum
796 1185 974 1270 suavitate,
998 1186 1160 1278 quidquid
1191 1187 1262 1256 dis·

248 1322 360 1373 scrunt
378 1303 567 1395 philosophi
590 1320 659 1373 tunt
690 1320 816 1372 veteres
845 1320 914 1373 turn
935 1320 1082 1372 recentes
1100 1303 1142 1373 de
1167 1321 1261 1374 natu·

246 1442 283 1487 ra
302 1418 372 1511 eius
392 1418 555 1507 simplici,
573 1433 607 1486 et
627 1415 775 1507 praedita
794 1414 948 1485 facultate
969 1416 1150 1505 cogitandi,
1166 1418 1259 1507 quid-

248 1538 328 1631 quid
346 1552 474 1629 spectat
492 1534 561 1629 ejus
580 1535 768 1605 libertatem
788 1536 879 1606 nulla
906 1536 1098 1606 adstrictam
1120 1536 1260 1605 necessi-

248 1671 336 1739 tate,
361 1649 525 1742 quidquid
554 1651 689 1721 demum
715 1650 809 1721 illam
839 1650 1082 1736 immortalem,
1102 1649 1260 1723 dissoluto

250 1788 383 1858 corpore
393 1818 404 1851 ,
423 1762 612 1854 pervincit!

836 1917 857 1952 n
879 1887 957 1957 Non
976 1886 1089 1957 omnia
1107 1902 1214 1955 morte

287 2030 306 2081 p
329 1998 487 2085 Cessent,
500 1997 559 2069 sed
577 2014 732 2090 superant
752 1998 854 2069 animi
867 2016 957 2086 3tum
977 2001 1090 2071 debita
1110 2001 1258 2073 tamdem

288 2148 308 2183 υ
332 2117 520 2207 Supplicia,
536 2134 592 2186 aut
610 2119 728 2187 nostris
749 2119 924 2188 reddentur
936 2120 1085 2209 praemia
1097 2118 1259 2209 factis(t).

244 2230 374 2321 Quibus
392 2230 426 2295 in
445 2228 542 2296 rebus
559 2251 615 2316 pcr
630 2251 666 2295 se
681 2228 806 2323 asperis
819 2246 853 2296 et
870 2231 1037 2318 explicatu
1052 2230 1259 2303 difficillimis

246 2344 429 2429 excellcre,
459 2365 579 2432 easque
598 2367 661 2411 non
685 2342 783 2411 modo
811 2344 1005 2434 explanare,
1023 2368 1137 2415 verum
1156 2348 1260 2418 ctiam

243 2458 383 2551 poeticis
410 2456 504 2547 quasi
523 2456 703 2525 luminibus
723 2456 866 2527 colorare
885 2483 923 2526 ac
942 2458 1143 2550 distinguere
1155 2460 1258 2546 ,hacc

241 2574 376 2645 demum
397 2591 472 2639 vera
491 2568 562 2638 laus
580 2585 649 2652 est,
670 2566 829 2638 etfacilis
847 2557 1016 2661 viridique
1035 2570 1162 2661 ingenii
1181 2596 1255 2643 ma-

240 2694 333 2762 xima
351 2686 613 2759 commendatio.
634 2688 742 2778 Atque
762 2687 825 2758 hac
843 2688 979 2781 quidem
997 2689 1096 2762 laude
1114 2706 1149 2761 ct
1167 2714 1255 2763 oom-

241 2808 451 2879 mendatione
470 2806 665 2898 dignissima
683 2822 760 2875 sunt
780 2806 851 2901 ejus
869 2807 1037 2893 carmina,
1057 2806 1177 2897 quibus
1199 2811 1251 2880 ni·

241 2921 291 2992 hil
310 2944 383 2991 meo
403 2920 526 3015 judicio
547 2920 673 2991 videtur
692 2921 822 3007 deesse,
841 2920 870 2990 si
899 2921 1013 2991 latinis
1037 2921 1140 2991 musis
1166 2924 1255 2993 anti-

165 3085 168 3092 ·
238 3060 320 3127 quus
337 3036 441 3105 honor
464 3034 642 3119 habeatur,
662 3052 790 3126 praeter
809 3034 961 3127 publicae
979 3035 1063 3105 lucis
1081 3035 1252 3106 celebrita-

240 3140 327 3219 tem.
346 3150 407 3219 llis
427 3166 461 3219 et
480 3150 555 3219 aliis
576 3149 746 3239 plurimis,
762 3174 846 3240 quae
862 3167 971 3221 vatem
985 3151 1165 3240 ingenuum
1182 3174 1254 3240 pro-

239 3260 339 3345 bant,
368 3279 494 3331 tanturn
522 3262 588 3333 sibi
617 3262 898 3335 existimationem
925 3259 1012 3355 apud
1044 3264 1190 3356 singulos
1221 3280 1257 3336 et

240 3380 406 3450 universos
426 3382 648 3474 comparavit,
667 3402 703 3454 ut
723 3384 840 3479 dignus
859 3381 992 3455 babitus
1012 3382 1127 3471 fuerit,
1142 3382 1255 3475 quiab

584 3614 914 3645 mfflfflfflm

279 3757 329 3836 (r)
350 3756 460 3820 Ceteris
481 3772 627 3842 praestant
643 3758 752 3843 dialogi
771 3760 845 3836 duo,
867 3760 940 3824 alter
955 3759 994 3822 de
1015 3762 1101 3834 Deo,
1130 3759 1249 3842 ejusque

237 3862 440 3958 providentia,
461 3866 531 3928 slter
550 3864 587 3927 da
606 3880 709 3928 ustura
728 3868 908 3947 auimomnr,
933 3865 1090 3951 quirinal
1117 3864 1251 3931 rumen

238 3964 320 4033 baud
340 3967 472 4053 exiguum
487 3968 647 4053 legentibus
661 3969 825 4063 tambeis,
936 4022 938 4025 -
1333 3957 1341 3965 ¹
