3259 4959
584 351 723 414 roserat
741 337 877 420 uolunt
1165 340 1231 433 401

216 489 312 578 Quae
338 487 473 580 quidem
498 487 631 579 regula,
649 503 686 558 ut
712 488 784 577 ipse
813 485 974 571 alllrmat,
994 485 1094 576 plana
1122 504 1231 560 estet

217 607 260 676 ad
280 605 409 675 rudium
430 602 531 673 etiarn
551 619 682 692 captum
703 601 970 684 accommodata,
985 601 1045 669 scd
1063 600 1231 693 vulgo‘ne·

215 721 322 811 glecta
340 719 384 788 ob
404 715 760 807 difficultates,quibus
780 716 941 787 obnoxius
958 714 1107 807 ejusdem
1127 739 1223 786 usus.

215 835 369 904 Occurrit
387 833 439 902 his
458 834 493 902 in
513 832 653 923 epistola
671 831 714 902 ad
734 832 834 901 Nevil
847 830 1066 921 Moschelyne
1085 847 1229 900 astrono-

215 971 308 1018 murn
328 947 454 1037 regium
474 945 757 1038 grenovicensem‚
778 944 905 1014 socium
932 942 1132 1034 amplissimi
1156 946 1225 1014 lon-

126 1065 127 1070 ’
213 1066 400 1158 gitudinum
416 1065 549 1158 collegii
569 1064 767 1148 britannici,
782 1063 883 1148 *unde
909 1061 1035 1138 eximia
1057 1061 1226 1141 volumina

213 1185 301 1256 dono
321 1185 470 1276 accepit,
489 1202 523 1254 et
541 1183 649 1253 laudis
661 1183 870 1275 plurimum.

263 1305 428 1372 aaaron
446 1300 592 1370 Toaldus
612 1300 745 1369 suffitus
765 1297 871 1369 luerat
893 1299 1063 1391 ingenium
1080 1301 1227 1373 moxlmo

94 1406 105 1428 ⁶
213 1417 257 1486 ad
275 1417 357 1487 haec
369 1416 479 1485 studia
498 1438 712 1506 propensum:
725 1415 836 1486 attulit
851 1415 924 1506 ipse
943 1414 1150 1505 diligentiam
1172 1443 1229 1506 pa-

211 1551 306 1603 rem.
334 1533 443 1602 Homo
470 1530 632 1601 exercitus
658 1531 801 1612 lectione
831 1531 960 1616 multa,
989 1532 1041 1599 cui
1074 1531 1227 1643 pleraque

210 1646 326 1719 omnia
346 1647 654 1719 mathematicorum
673 1669 773 1738 opera
792 1646 941 1736 quaesita
952 1697 963 1730 ,
984 1661 1229 1731 tractata‚me-

211 1759 338 1846 ditata,
364 1763 519 1853 cognitu.
547 1763 736 1833 Nocturnae
764 1762 910 1832 siderum
938 1758 1183 1831 observationes
1205 1785 1226 1830 a

208 1877 384 1965 patavinae
404 1876 555 1966 speculae
575 1876 720 1946 exordiis
739 1876 895 1962 habitae,
921 1893 957 1947 et
975 1879 1018 1947 ad
1036 1879 1145 1968 plures
1166 1903 1224 1948 anf

206 2015 270 2062 tros
289 1995 481 2084 productae,
502 1997 716 2066 antelucanae
743 1997 898 2088 vigiliae,
916 2013 1031 2065 mutua
1057 2020 1133 2066 curu
1163 1997 1224 2066 do,

209 2108 273 2186 ctist
293 2108 372 2184 vitis
400 2110 584 2192 litterarum
611 2108 740 2194 officia,
761 2111 913 2194 tabulae,
936 2110 1074 2196 calculi,
1100 2111 1225 2182 subdus
1330 2123 1336 2138 ‘

210 2223 354 2309 ctiones,
374 2225 623 2315 supputationes
644 2249 720 2296 eum
737 2224 833 2296 valde
857 2224 1036 2305 sollicitum
1055 2225 1220 2304 habuere,

211 2343 264 2422 Ex
283 2341 336 2410 his
355 2343 509 2414 omnibus
524 2329 666 2436 insignis
686 2345 815 2414 exstitit
834 2344 995 2420 eruditio.

255 2455 362 2549 Hujus
390 2458 576 2548 prodendae
604 2475 821 2550 opportunam
843 2461 874 2530 ei
894 2462 1100 2532 occasionem
1124 2486 1223 2554 prae,

208 2570 283 2652 lruit
299 2575 486 2646 Cardinalis
505 2577 786 2659 eminentissimus
806 2580 992 2672 Stephanus
1011 2580 1144 2674 Boreios,
1166 2582 1223 2652 do».

205 2687 373 2772 ctissimus
392 2715 431 2761 ac
449 2690 706 2784 benignissimus
727 2695 898 2785 princeps,
917 2713 1013 2766 natus
1037 2696 1080 2768 ed
1098 2719 1218 2786 propa-2

208 2803 350 2900 gandam
363 2805 547 2878 litterarum
566 2805 760 2892 ¹felicitatem
769 2828 803 2880 et
821 2813 959 2901 gloriam
976 2812 1218 2896 litteratorum,

207 2915 265 3004 qui
284 2941 360 2990 cum
378 2943 547 3004 summurn
573 2924 761 3014 pontificem
792 2925 890 3004 Pium
911 2927 980 2998 VH
1007 2926 1219 2997 comitaretur

203 3034 367 3125 Parisios,
397 3039 482 3116 obiit
509 3042 660 3136 Lugduni
688 3044 723 3114 in
752 3047 864 3118 Gallia
891 3071 956 3121 nou
975 3047 1047 3116 sine
1067 3046 1215 3120 maximo
1311 3053 1316 3061 '

187 3143 305 3242 'ipsius
324 3151 492 3224 Pontificio
511 3157 626 3236 dolore
640 3174 674 3228 et
685 3159 888 3250 reipublicae
896 3162 1139 3240 litterariam
1153 3161 1212 3230 itu-¹
1290 3182 1294 3190 ‘

203 3283 266 3350 que
285 3285 344 3352 pro
362 3289 419 3352 en,
438 3293 502 3360 qua
522 3271 557 3352 in
576 3273 693 3363 primis
714 3274 879 3364 pollebat,
903 3277 1051 3354 eruditae
1068 3275 1215 3366 antiquis

206 3373 284 3450 tatis
303 3376 440 3465 peritia,
460 3383 597 3474 adeptus
617 3385 723 3466 luerat
741 3388 1002 3464 vetustissimum
1021 3391 1216 3461 astronomi-

204 3509 281 3556 cum
301 3511 550 3570 mouumentum
559 3549 570 3582 ,
585 3501 718 3588 globum
737 3503 866 3582 scilicet
883 3505 1082 3589 caelestem,
1095 3504 1215 3584 culico-

205 3601 397 3692 arabicum,
423 3631 526 3702 eoque
558 3630 728 3684 ornaverat
758 3639 909 3697 museum
938 3643 1041 3712 prope
1066 3621 1214 3714 regium,

204 3722 293 3810 quod
311 3742 446 3816 paterna
465 3728 500 3812 in
521 3730 618 3801 domo
635 3733 775 3804 Velitris
795 3737 868 3828 ipse
883 3737 1103 3816 instruxerat.
1118 3746 1216 3825 Toal·

123 3849 124 3853 ’
205 3835 267 3918 (lus
286 3864 363 3932 cunr
381 3844 557 3930 illustravit
574 3849 701 3922 duabus
724 3853 875 3945 epistolis
893 3858 937 3929 ad
954 3859 1124 3932 Simonem
1147 3868 1214 3950 As.

205 3975 376 4049 temanum
386 4016 398 4054 ‚
417 3965 536 4138 quiaafid
554 3969 590 4054 id
609 3960 718 4056 cideu'r
737 3975 883 4058 hortator
905 3975 1030 4081 luerat,
1047 3982 1215 4064 eruditum
