3259 4959
422 325 494 424 364
792 398 799 420 ,
895 340 980 418 upa
1078 355 1100 386 ,·

415 473 459 543 de
485 495 600 544 tmeseo
630 470 778 564 Philippi
800 469 950 541 Farsetii
972 469 1018 540 nd
1035 473 1282 545 cortouerarinm
1302 472 1436 548 Acade.

417 591 541 678 enimn,
560 593 596 662 in
615 617 679 684 qua
701 615 766 660 uon
786 591 893 660 solum
922 591 963 660 de
982 613 1097 660 museo
1124 591 1184 661 illo
1202 596 1416 667 ornatissimo
1426 649 1440 683 ,

417 722 454 774 ut
472 705 538 774 sibi
558 721 789 796 proposuerat,
808 704 988 774 sedetiam
1008 705 1050 774 de
1070 729 1104 775 re
1123 707 1213 775 omni
1244 711 1436 800 antiquaria

417 843 484 888 non
513 821 681 911 eleganter
707 819 839 902 minus,
866 841 965 909 quarn
986 818 1068 886 scite
1088 818 1242 889 disserit.
1273 823 1438 893 intimam

417 933 544 1001 scilieet
571 950 605 1001 et
629 933 837 1006 reconditam
858 932 1154 1022 pulcherrimarum
1179 935 1299 1004 artium
1319 937 1438 1028 cogni-

418 1046 543 1116 tionem
562 1032 732 1116 ostendit.
753 1048 882 1119 Harum
902 1045 998 1116 initia
1030 1049 1184 1136 exponit,
1201 1066 1271 1120 tum
1291 1053 1435 1122 demon.

416 1181 499 1234 strat
517 1165 680 1256 quomodo
698 1186 890 1254 progressae
910 1162 1050 1248 luerint,
1070 1181 1104 1233 et
1123 1165 1359 1254 perfectionem
1378 1187 1434 1240 at-

417 1283 571 1374 tigerint,
586 1282 706 1375 quibus
724 1283 811 1352 etde
826 1283 934 1352 causis
953 1283 997 1351 ab
1014 1307 1052 1352 ea
1072 1285 1288 1371 desciverint,
1303 1303 1337 1356 et
1354 1311 1436 1358 sen-

415 1396 482 1468 sim
510 1409 679 1485 corruptae
707 1419 746 1465 ae
764 1397 961 1486 depravatae
988 1399 1150 1482 evaserint
1177 1402 1220 1470 ad
1246 1417 1433 1474 extremum

416 1515 552 1587 omnino
571 1516 767 1607 degeneres,
785 1515 848 1584 Hie
867 1515 1050 1588 identidem
1069 1518 1265 1588 utilissimae
1283 1519 1434 1593 animad-

417 1631 582 1701 versiones
609 1633 806 1721 immixtae3
831 1631 952 1726 ubique
975 1636 1099 1706 eximia
1126 1636 1295 1730 judicandi
1325 1639 1432 1707 soler-

415 1749 484 1817 tia.
505 1749 634 1820 Seleota
653 1751 945 1844 verha3aoourata,
964 1755 1205 1844 exprimentia,
1232 1755 1360 1846 singula
1384 1757 1429 1828 ad

413 1866 493 1937 artie
512 1869 670 1937 trutinam
689 1867 858 1959 explorata
876 1884 909 1940 et
928 1893 1095 1960 expensa.

461 1984 705 2055 celeberrimus
728 1988 981 2078 Lagomarsinus
1002 2011 1078 2056 cum
1098 1988 1200 2058 uellet
1217 1988 1429 2078 praeconium

413 2115 525 2170 texere
551 2099 691 2168 orationi
712 2101 753 2168 de
775 2101 941 2191 picturae,
961 2103 1169 2190 sculpturae,
1189 2103 1425 2171 architecturae

415 2215 540 2285 artibus
573 2215 616 2286 al)
643 2215 867 2285 eruditissimo
886 2218 936 2288 Jo.
958 2219 1106 2307 Baptista
1125 2217 1267 2286 lieberto
1293 2217 1430 2288 habitae

411 2331 448 2401 in
471 2333 650 2408 Academia
666 2333 860 2409 bononiensi
873 2359 990 2428 ,quam
1010 2334 1207 2411 institutum
1225 2352 1342 2407 vocant
1353 2388 1364 2422 ,
1376 2337 1425 2406 sio

415 2440 605 2537 loquiturs*

455 2595 475 2630 o
495 2568 604 2658 Atque
623 2566 719 2662 huius
732 2567 866 2659 quidem
878 2566 1166 2661 eloquentissimae
1184 2569 1340 2638 orationis
1356 2593 1426 2640 ma·

411 2715 432 2751 o
451 2684 503 2778 jus
521 2708 541 2754 a
560 2708 615 2754 me
635 2688 847 2776 praeconium
876 2689 945 2758 lieri
974 2713 1038 2758 non
1067 2713 1161 2779 posse
1182 2687 1296 2770 video,
1324 2711 1424 2778 quarn

409 2829 430 2865 o
452 2800 482 2870 si
517 2823 591 2870 eam
619 2824 695 2870 cum
731 2802 949 2873 disertissima
974 2803 1115 2880 Lastesii
1143 2801 1282 2892 epistola
1310 2799 1423 2870 conle-

408 2949 428 2985 s
444 2936 537 3009 ram3
555 2920 678 2992 etenim
697 2921 784 3012 quod
798 2922 903 2991 latino
921 2945 1071 2992 sermone
1090 2919 1274 3002 Lastesius,
1297 2933 1426 2988 etrusco

408 3059 428 3096 u
447 3030 607 3100 llobertus
634 3031 788 3122 perfecit3
811 3033 967 3126 singulari
991 3035 1129 3124 uterque
1148 3047 1181 3100 et
1201 3037 1322 3113 rerum,
1341 3053 1425 3118 quas
1496 3067 1501 3078 ·

408 3158 601 3229 coaetant,
621 3144 761 3234 peritia,
779 3161 814 3216 et
833 3145 957 3216 eximia
975 3147 1158 3232 sermonis,
1178 3167 1241 3238 qua
1259 3165 1310 3212 res
1328 3143 1424 3232 ipsas

409 3289 429 3326 o
446 3255 607 3347 efferunt,
634 3257 799 3350 elegantia
819 3259 834 3344 (
838 3260 872 3352 1)
890 3288 910 3324 o
933 3308 942 3328 .
967 3262 1011 3335 Et
1028 3259 1110 3330 alibi
1129 3285 1137 3328 ι
1164 3290 1184 3325 o
1211 3259 1282 3330 Hac
1301 3256 1346 3330 de
1366 3279 1424 3344 re,

746 3493 1078 3522 mmm

349 3739 352 3744 Ι
407 3677 424 3720 c
448 3653 501 3717 clad
521 3653 592 3718 altre
611 3653 688 3720 della
699 3670 796 3720 nostra
816 3659 879 3732 etl,
890 3657 930 3720 mi
949 3657 1096 3718 semissano
1118 3675 1201 3716 auore
1216 3673 1276 3714 non
1289 3651 1350 3714 solo
1367 3669 1423 3711 ec·

405 3777 425 3818 s
447 3757 495 3839 pia
515 3777 531 3816 e
550 3757 716 3833 retundite,
731 3781 776 3820 rua
796 3759 899 3842 spirito
918 3781 934 3819 e
953 3759 1013 3819 vita
1034 3759 1134 3818 allatto
1153 3753 1356 3818 ciceroniana.

446 3859 496 3938 (s)
517 3859 554 3919 Iu
573 3857 698 3941 quadam
718 3861 902 3921 annotatione
921 3859 959 3920 ad
988 3861 1183 3922 electrieurutn
1202 3877 1304 3941 poema
1330 3857 1425 3928 lose-j

406 3960 458 4048 phi
475 3961 605 4026 Mariani
623 3960 768 4039 Parthenii
785 3959 840 4024 lib.
857 3963 887 4026 6.
907 3981 973 4046 pag.
994 3964 1063 4024 226.
