3259 4959
1144 386 1269 456 artaud

248 518 413 609 leibpor'a,
431 502 585 588 ridelic'et
603 516 699 587 unius
723 518 853 585 lautuu't
876 516 1000 585 taeenli
1019 518 1149 607 spatio,
1169 520 1267 590 multi

153 658 159 667 ’
249 640 466 721 exstiterunt,
486 638 520 704 in
539 620 660 727 quibus
681 634 1006 719 commemorandis,
1025 650 1059 701 et
1078 636 1114 701 iu
1131 660 1271 723 quonam

249 744 381 828 dotibus
402 758 571 847 animique
592 756 808 847 qualitatibus
820 753 1027 845 exponendis
1044 754 1184 821 Ferrarii
1205 774 1274 823 stu·

248 874 341 942 diurn
367 890 400 941 et
419 873 578 941 industria
601 874 811 961 splendesce?
824 874 945 941 et?lix
957 896 1022 961 quo
1040 888 1149 939 autem
1167 871 1208 937 de
1227 872 1277 937 in-

254 991 405 1058 stitutore
427 976 663 1075 meritissimo,
698 1008 731 1060 et
764 1004 901 1080 parente
934 990 1061 1079 optimo
1099 989 1274 1081 magnifiee

255 1104 459 1194 praedicarit
477 1158 486 1190 ,
507 1108 660 1174 contiuuo
680 1104 730 1173 sui
762 1105 913 1173 muneris
944 1123 1016 1172 esee
1045 1102 1205 1194 judicavit
1231 1103 1274 1176 de

251 1218 401 1311 eiusdem
423 1220 585 1306 alumnis,
610 1236 643 1287 et
676 1242 777 1310 prope
799 1220 877 1287 liliis
906 1216 1162 1287 commentarios
1192 1242 1269 1308 per-

253 1335 412 1418 scribere,
428 1358 605 1423 eurumque
618 1356 683 1400 non
704 1334 874 1425 ingenium
894 1333 992 1400 modo
1009 1354 1047 1399 ac
1067 1330 1272 1415 doctrinam,

224 1490 228 1501 ·
255 1454 498 1521 verumetiam
525 1476 630 1519 mores
651 1469 683 1519 et
704 1452 899 1541 praesertim
933 1451 1128 1541 religionem
1157 1450 1199 1519 ad
1228 1450 1275 1519 le··

261 1569 408 1657 gentium
430 1568 606 1635 utilitatem
627 1567 769 1636 notando
788 1566 981 1635 obseruare.

298 1682 504 1751 dlicbaele'm
524 1681 635 1772 itaque
657 1683 798 1751 Verium
819 1684 855 1749 in
877 1682 992 1771 primis
1012 1681 1108 1750 nobis
1132 1679 1270 1749 exbibet

248 1795 451 1865 eruditarum
475 1797 660 1887 linguarum
698 1798 937 1886 peritissimum
967 1797 1264 1888 aeutiseiruurnque

251 1914 508 2005 plrilosoplrum3
538 1919 692 1985 llllereuur
727 1917 908 1985 Antonium
943 1918 1126 1985 Ferrarium
1156 1917 1272 1985 multis

248 2028 346 2099 effert
376 2027 529 2099 laudibus
553 2054 619 2099 non
649 2046 814 2099 oratorum
855 2034 971 2114 modo,
1004 2032 1060 2099 sed
1094 2047 1266 2119 poetarum

250 2146 353 2215 etiam
373 2144 550 2214 latinorum
571 2144 786 2231 interpretem
818 2145 1006 2228 eximiutn5
1040 2159 1135 2210 ornat
1166 2161 1265 2232 atque

249 2262 394 2330 illustrat
413 2260 624 2328 Frunoiseum
649 2261 809 2327 Canalem
832 2283 950 2350 magna
980 2260 1176 2326 instructum
1196 2262 1263 2327 lin-

253 2394 389 2469 guarum
410 2378 572 2463 scientia,
590 2376 750 2447 Jacobum
770 2378 980 2447 Jacobettum
1001 2377 1035 2443 in
1067 2376 1191 2467 graecis
1210 2377 1270 2445 lit-¹

249 2494 327 2581 teris
347 2492 486 2561 mirifice
506 2493 672 2561 excultum
694 2520 703 2579 3
723 2492 884 2562 Jacobnrn
918 2496 1140 2563 Facciolatum
1169 2516 1266 2567 aurea

245 2607 440 2698 praesertim
460 2607 625 2683 latinitate
644 2622 713 2675 tota
740 2610 870 2697 Europa
898 2609 1150 2678 celeberrimum
1163 2638 1173 2697 3
1203 2610 1265 2681 Se-

244 2721 433 2792 bastianum
460 2724 666 2791 Frarrzonmn
695 2742 859 2793 oratorem
883 2726 1019 2816 plenum
1056 2729 1182 2795 roboris
1221 2744 1259 2795 ae'

246 2834 436 2925 dignitatis.
457 2836 519 2905 llis
539 2836 688 2929 adjungit
705 2840 889 2929 Joseplauru
922 2843 1106 2926 Pasinunr,
1142 2859 1177 2911 et
1196 2844 1264 2911 An·-

244 2950 373 3018 tonimn
397 2952 593 3018 Znuolinuur
617 3005 627 3037 ,
659 2970 811 3044 utrosque
839 2955 1050 3024 orientalium
1085 2956 1264 3047 praecipue

245 3064 431 3159 linguarum
456 3072 620 3161 exquisita
647 3075 832 3144 eruditione
863 3077 1076 3167 conspicuos;
1101 3080 1261 3147 Murcum

244 3184 425 3256 Antonium
443 3187 683 3275 rl'riuellatum,
704 3206 737 3258 et
757 3194 939 3263 Antonium
968 3194 1154 3268 Sandinum
1164 3250 1176 3285 ,
1196 3199 1262 3266 duo

588 3414 922 3458 amnemamnem&

241 3579 338 3657 §ludio
357 3604 386 3652 et
404 3602 496 3653 amore
516 3594 548 3652 in
566 3595 756 3655 Seminarium
786 3599 974 3678 patavinum,-
993 3597 1101 3662 editum
1122 3602 1199 3685 typis
1229 3618 1262 3665 εὴ

198 3780 203 3789 ⁸
241 3692 353 3784 jusdem
373 3700 524 3765 Seminarii
545 3714 623 3763 aun.v
639 3706 714 3783 1798
739 3705 769 3763 ir'r
791 3708 842 3782 8.,
862 3722 892 3767 et
913 3728 978 3768 eum
1003 3709 1098 3786 allqna
1122 3698 1260 3774 emenda·

241 3810 320 3867 tione
340 3806 405 3867 buie
427 3806 545 3867 editioni
559 3808 745 3891 praemissum
765 3832 830 3893 pag.
853 3834 897 3882 r.‚·
918 3812 996 3892 quod
1015 3810 1101 3872 valde
1127 3814 1263 3876 laudatnt'

242 3938 258 3977 rt
281 3914 467 4001 scriptoribus
488 3911 569 3979 delle
594 3916 746 3978 allemorie
762 3942 820 4001 per
839 3926 951 3983 servire
971 3899 1036 3981 allo
1057 3928 1150 3983 storin
1170 3926 1262 3990 leur:

245 4034 327 4089 tarra
349 4052 365 4089 e
386 4026 472 4086 ciuile
494 4042 561 4087 aun.
588 4032 662 4111 1798
683 4044 827 4091 semestre
846 4032 874 4094 Ιι
896 4032 934 4094 P.
956 4032 1000 4094 II.
1018 4052 1092 4114 puga
1112 4024 1163 4114 951

542 4122 615 4165 *a*
658 4129 683 4181 ῃ
