3259 4959
450 354 518 442 400
906 371 989 423 vm

450 489 587 583 gloriam
616 515 653 558 ao
681 489 864 579 praemium
894 512 1068 558 commune
1099 488 1217 560 habuit
1239 492 1365 585 Ioseplr
1390 521 1474 566 curn

440 603 631 672 ¹Vincentio
658 604 861 674 Chiminello
891 620 1029 692 nepote,
1061 603 1209 692 pluribus
1239 606 1314 674 aliis
1346 631 1473 680 monu.

448 718 570 785 tuentis
596 717 736 788 illustri.
763 718 840 787 Fuit
867 717 922 785 hic
939 742 957 784 a
977 733 1093 784 senatu
1112 733 1230 785 veneto
1257 716 1388 809 jamdiu
1406 723 1472 790 ad·

447 832 548 900 scitus
566 835 600 904 in
620 833 801 926 adjutorem
823 833 975 902 auunculi
995 834 1029 901 in
1051 833 1206 924 iis-quae
1237 836 1405 925 pertinent
1426 838 1473 909 ad

446 948 599 1035 speculae
627 947 889 1038 praefecturam.
920 950 1030 1036 Quam
1061 965 1204 1036 spartam
1235 966 1312 1019 tunc
1331 954 1472 1020 sortitos

447 1081 517 1150 est,
544 1068 720 1152 eamdem,
747 1067 856 1157 quoad
885 1065 989 1151 vixit,
1008 1067 1137 1134 ornavit
1164 1068 1280 1138 eadem
1305 1093 1344 1137 ao
1364 1086 1468 1139 antea

440 1201 521 1246 cum
542 1179 660 1248 laude.
680 1179 879 1248 Dissertatio
899 1179 996 1273 hujus
1015 1181 1256 1272 prodiit3quae
1271 1205 1348 1252 vero
1366 1185 1470 1252 Toal-

442 1289 503 1360 dus
524 1291 674 1382 scripsit,
694 1293 839 1365 nondum
860 1294 894 1362 in
914 1295 1021 1366 lucem
1041 1295 1163 1364 missa.

439 1456 444 1469 ·
491 1411 588 1498 Quod
608 1426 719 1480 autem
738 1413 780 1482 ad
800 1411 974 1481 scientiam
1002 1429 1162 1482 astrorum
1191 1415 1350 1503 pertinet,
1374 1417 1464 1488 hane

443 1525 503 1596 ille
530 1551 572 1596 ex
599 1525 706 1600 officio
734 1525 836 1594 coluit
874 1526 1003 1596 intenta
1030 1499 1127 1596 curd.
1159 1527 1463 1621 Hineauu01773

441 1640 605 1712 nonnulla
624 1639 748 1730 publici
771 1639 852 1734 juris
872 1636 968 1725 fecit,
984 1663 1068 1730 quae
1087 1655 1237 1710 sternunt
1254 1643 1347 1731 quasi
1369 1643 1463 1714 viam

446 1757 489 1829 ad
507 1759 727 1850 geographiae
744 1757 1002 1848 intelligentiam
1020 1783 1058 1826 ac
1078 1759 1256 1849 sphaerae,
1272 1760 1390 1830 irarum
1405 1787 1462 1832 re-

445 1901 518 1948 rum
537 1877 692 1948 studiosis
713 1877 859 1948 maxime
879 1895 1036 1968 accepta,
1053 1879 1142 1968 quod
1162 1878 1305 1948 breviter
1324 1898 1358 1949 et
1371 1883 1464 1953 clare

444 1997 594 2088 exposita
606 2033 619 2065 .·
634 1999 781 2087 Quorum
802 1996 941 2065 utilitati
963 1998 1069 2066 adlruc
1090 1996 1195 2086 magis
1214 1998 1250 2065 in
1270 2022 1309 2066 eo
1327 2023 1463 2092 prospe

444 2112 514 2198 xit,
530 2111 617 2203 quod
636 2111 751 2181 italam
775 2110 955 2182 editionem
977 2111 1103 2180 curarit
1123 2109 1306 2180 tabularum
1319 2126 1469 2180 astrono-

445 2219 606 2300 micarum
626 2229 688 2298 viri
719 2228 954 2320 spectatissimi
980 2227 1235 2315 deda-Laude.
1268 2229 1462 2300 tottionem

441 2346 545 2416 etiam
576 2343 747 2433 promovit,
765 2342 896 2432 operis,
923 2353 989 2431 q'uo
1018 2343 1067 2412 vir
1081 2343 1300 2412 doctissimus
1326 2343 1464 2434 ingenia

442 2462 534 2532 ducit
550 2461 592 2532 ad
610 2461 802 2532 caelestium
832 2483 1003 2550 corporum
1033 2461 1349 2552 contemplationem
1369 2477 1463 2531 tam.

443 2599 543 2667 quam
570 2575 668 2646 celeri
698 2574 853 2664 facilique
879 2575 1096 2664 compendio.
1121 2578 1258 2665 dleguat
1281 2576 1316 2644 io
1334 2577 1463 2648 scholis

442 2693 546 2780 liber,
564 2712 597 2764 et
612 2695 726 2764 teritur
744 2695 894 2764 omnium
915 2694 1084 2763 manibus.
1106 2698 1145 2763 In
1166 2697 1229 2768 hoc
1245 2711 1371 2786 partem
1387 2715 1462 2766 tan-

443 2827 513 2882 turn
537 2809 644 2882 laudis
669 2809 816 2880 vindicat
844 2808 908 2878 silai
935 2807 1058 2898 Joseph
1069 2837 1080 2897 3
1100 2809 1135 2877 in
1155 2831 1196 2878 eo
1214 2827 1348 2896 autem,
1365 2812 1460 2902 quod

442 2953 521 2999 mox
540 2928 736 3023 subjiciam,
754 2926 874 2998 habuit
887 2927 1011 3018 gloriae
1029 2945 1216 3001 consortem
1235 2931 1427 2999 neminem.

485 3049 619 3138 Loquor
642 3048 801 3120 nimirum
821 3048 863 3118 de
891 3070 1007 3138 opere,
1026 3047 1123 3140 *quod
1152 3047 1284 3138 protulit
1312 3048 1464 3119 triennio

442 3182 518 3236 ante
537 3185 611 3233 cum
630 3163 693 3232 hoe
712 3165 829 3234 titulo:
861 3166 1132 3257 Trigonometrris
1155 3165 1259 3256 piano
1285 3189 1305 3234 c
1325 3162 1463 3254 aferic«

439 3277 526 3350 colle
553 3275 662 3348 tavole
690 3276 1011 3368 trigonometriclte‚
1043 3303 1128 3370 quae
1159 3280 1289 3371 saepius
1318 3278 1457 3352 editae.

439 3395 622 3485 Utramque
641 3412 770 3462 summa
788 3392 1024 3484 perspicuitate
1044 3394 1210 3479 exaravit,
1225 3410 1261 3462 et
1276 3393 1458 3463 illustravit

439 3506 623 3600 exemplis.
644 3510 791 3599 Utraque
818 3506 972 3576 omnibus
1002 3507 1103 3598 plane
1129 3507 1260 3591 arrisit,
1279 3505 1460 3597 praecipue

438 3623 630 3715 sphaerica;
649 3622 773 3708 doctis,
793 3621 881 3713 quod
900 3637 1052 3692 accurata
1073 3637 1107 3691 et
1125 3621 1215 3690 succi
1242 3621 1339 3712 plena
1350 3647 1361 3707 3
1383 3619 1458 3688 mi-

439 3762 501 3806 nus
519 3737 679 3822 eruditis,
698 3735 785 3828 quod
804 3734 961 3827 expedita
981 3732 1160 3804 etfacilis.

481 3855 644 3926 Indicarit
663 3872 776 3945 postea
797 3853 990 3924 methodum
1009 3851 1204 3944 explorandi
1231 3867 1268 3919 et
1284 3848 1457 3924 statuendi

440 3974 679 4067 longitudinem
710 3995 773 4067 ope
803 3973 959 4044 causitus
990 3974 1094 4048 lutrae
1123 3994 1184 4066 per
1213 3967 1466 4054 meridianum.
