3259 4959
1231 347 1278 443 a„

244 492 315 571 lius
326 520 497 589 possumus
515 518 615 587 quam
623 494 736 586 paucis
748 491 1024 583 exponeremus
1035 490 1179 583 eligebat
1188 521 1270 587 quos

250 616 435 685 animarum
456 611 638 701 pastoribus
657 608 824 680 veladhuc
835 608 1020 679 viventibus
1033 608 1197 702 adjutores
1214 612 1269 681 da-

254 726 711 817 ret,velsubrogaretiiulem
729 740 834 795 morte
845 722 982 794 sublatis
993 767 1001 790 r
1013 724 1171 812 Quolibet
1181 752 1274 800 voca-

255 862 366 917 rentur
385 847 470 937 ipsi,
490 826 590 938 gratis
610 842 795 917 serebantur
814 866 858 919 ex
875 844 1043 928 instituto,
1063 861 1099 913 ut
1118 844 1272 913 docerent

254 961 390 1052 populos
401 984 535 1036 avocare
545 958 736 1051 aliquandiu
751 958 900 1033 animum
913 955 956 1030 ab
966 957 1041 1026 aliis
1060 959 1166 1044 curis,
1181 982 1271 1029 eum·

206 1130 208 1133 -
251 1106 314 1174 que
333 1105 484 1155 exercere
501 1081 716 1157 meditatione
733 1080 945 1153 coelestium.
962 1076 1019 1149 Bis
1037 1072 1267 1149 irihebtloma-

254 1197 298 1267 da
308 1214 362 1283 ,et
381 1197 534 1274 omnibus
553 1212 721 1287 praeterea
739 1192 833 1267 lestis
852 1192 1040 1276 diuturne
1057 1216 1148 1263 more
1166 1194 1274 1267 Semi.

249 1318 341 1386 narii
361 1317 395 1385 in
416 1319 539 1409 templo
555 1316 707 1393 solebant
720 1314 791 1404 pios
808 1313 931 1385 habere
948 1334 1115 1381 sermones
1124 1364 1135 1398 ,
1157 1330 1191 1383 et
1208 1314 1270 1385 Sa·

247 1450 423 1503 eramenta
438 1433 636 1507 adeuntibus
653 1431 860 1501 tministrare.
876 1430 1035 1501 Solebaut
1050 1430 1152 1501 etiam
1168 1433 1273 1522 praei-

254 1573 291 1619 re
310 1549 465 1640 episcopo
485 1547 664 1619 dioecesim
685 1544 866 1630 invisenti,
884 1562 919 1615 et
937 1543 973 1613 iu
992 1545 1174 1635 paroeciis,
1193 1571 1271 1638 quo

252 1664 456 1756 tiescumque
473 1663 517 1733 ad
536 1662 571 1735 id
590 1660 721 1730 invitati
740 1674 869 1743 essent,
886 1657 964 1730 lites
991 1673 1026 1727 et
1049 1657 1271 1729 dissensiones

255 1805 471 1873 componere,
491 1781 690 1873 corruptelas
719 1778 853 1863 tollere,
872 1793 907 1850 et
924 1776 1110 1849 animorum
1129 1776 1273 1847 ellendi-

253 1894 347 1982 cula,
367 1896 408 1967 ad
427 1896 585 1987 pietatem
604 1918 718 1969 omnes
738 1892 913 1962 incendere
929 1890 1032 1964 saeos
1056 1890 1269 1962 concionibus

253 2031 289 2083 et
308 2014 344 2085 in
367 2016 484 2106 priruis
502 2015 658 2105 exemplo
677 2012 765 2081 vitae
782 2010 962 2083 laudabilis
981 2013 1055 2103 (r).
1084 2008 1269 2083 Plurimum

255 2133 389 2224 insuper
406 2134 590 2227 adiumenti
615 2130 657 2205 ab
686 2130 807 2205 iisdem
835 2130 953 2200 habuit
973 2129 1170 2200 tabularium
1194 2132 1269 2221 epi-

248 2250 388 2341 scopale
400 2304 409 2335 ‚
421 2250 597 2320 seminarii
614 2248 844 2339 gymnasia,et
861 2247 1010 2341 ejusdem
1030 2251 1268 2340 typographia.

252 2368 396 2438 Paucis:
417 2366 585 2459 quaelibet
602 2390 638 2436 se
656 2390 692 2438 se
710 2364 843 2437 offerret
861 2368 1006 2452 occasio,
1026 2368 1181 2461 episcopo
1208 2369 1269 2442 rd-

251 2496 351 2551 erant
370 2479 404 2548 in
423 2480 648 2571 praesidium,
668 2482 710 2553 ad
730 2482 835 2551 mnu
853 2504 912 2573 pro
930 2483 1110 2575 multiplioi
1138 2487 1274 2576 patavi-¹

251 2618 316 2665 uae
335 2594 494 2667 dioecesis
513 2595 738 2669 esseminant
765 2597 962 2668 necessitate
989 2598 1096 2691 parati
1123 2601 1198 2692 (a).
1217 2602 1268 2673 li·

245 2710 329 2782 ‹lem
342 2709 554 2803 collegiorum
570 2710 807 2797 moderatores,
822 2712 930 2783 divini
955 2712 1052 2783 verbi.
1066 2738 1264 2805 praecones,

246 2826 388 2919 -pietatis
408 2851 446 2898 ac
467 2825 636 2919 religionis
654 2826 826 2918 magistri,
844 2853 865 2896 a
891 2826 990 2897 beato
1008 2828 1078 2897 viro
1105 2830 1266 2920 appellati

251 2968 357 3035 genus
372 2940 538 3029 electum,
561 2940 701 3037 populus
729 2940 964 3032 acquisitionis
990 2943 1069 3035 (ὅ),ο
1087 2966 1267 3037 corumque

244 3061 459 3149 institutum,
479 3060 671 3149 vinculrrm,
691 3086 756 3153 quo
781 3061 950 3139 solidatur
975 3059 1080 3143 totius
1105 3059 1266 3135 ecclesio·
1305 3082 1309 3095 ·

252 3179 358 3249 sticae
376 3178 575 3273 disciplinae
592 3205 752 3275 conpago
771 3181 845 3274 (4).

242 3336 246 3343 -
295 3295 331 3367 S.
351 3300 529 3390 Gregorius
556 3302 702 3395 Mannus
721 3301 756 3373 in
780 3301 904 3395 palutio
930 3301 1111 3399 apostolico
1137 3302 1264 3377 nouae

591 3532 926 3578 mmmmm

101 3704 104 3713 ⁴
187 3746 191 3761 ,
293 3696 343 3775 (1)
363 3698 459 3759 instit.
480 3696 518 3761 atl
539 3698 704 3765 Ohtatosl·
725 3722 755 3765 2·
774 3722 802 3763 Β·
823 3709 853 3779 l·
872 3722 939 3787 1³²8·
960 3699 1011 3786 592

292 3798 342 3876 (2)
363 3798 437 3859 lbirl.
457 3800 477 3863 l.
500 3824 524 3865 1.
544 3825 570 3866 c.
590 3812 619 3884 4.
639 3825 703 3889 pag.
722 3826 754 3867 2.
774 3811 803 3875 el
822 3825 883 3900 seq.

291 3899 342 3977 (ὅ)
363 3901 386 3960 l.
405 3904 484 3969 Petri
503 3926 532 3969 ι.
547 3928 582 3988 o.

286 4008 341 4093 (4)
361 4010 396 4073 ln
409 4012 499 4095 ,spise
520 4012 559 4099 tl
577 4012 700 4083 obtusos
719 4036 818 4086 suum
835 4018 929 4087 iussit.
950 4018 1107 4109 menum
1120 4032 1189 4107 pag.
1205 4016 1240 4097 502
