3259 4959
396 406 446 487 58

398 544 541 619 uebatur
567 538 693 633 aliquid
722 538 952 631 depromptum
982 562 1023 609 ex
1042 538 1144 609 sacris
1162 540 1318 628 Litteris,
1343 558 1414 621 turn

400 666 513 755 aliqua
544 660 622 732 facti
652 660 779 751 specics
808 660 849 729 ad
880 682 987 729 mores
1005 659 1192 751 pertinens.
1211 662 1417 733 lubebantur

398 785 529 877 aperire
562 782 702 879 singuli,
730 781 809 875 qnid
845 782 1026 851 sentirent.
1059 782 1125 855 Ad·
1142 796 1326 857 extremum
1358 780 1416 877 qui

399 912 613 991 proposuerat
631 920 721 983 rem,
737 896 935 983 deliniebat,
949 895 1103 968 eamdent
1121 918 1288 969 arcessens
1307 921 1327 971 a
1346 896 1415 968 suia

399 1013 527 1085 initiis.
552 1015 646 1087 Alias
673 1016 748 1105 quis
775 1038 818 1083 ex
834 1015 886 1084 his
906 1013 1025 1106 agebat
1052 1014 1192 1083 ruralem
1216 1008 1416 1107 parochurn,

397 1126 534 1233 jubente
553 1140 588 1197 et
605 1128 810 1218 inspectante
830 1126 1037 1206 Graecorum,
1050 1129 1083 1196 Is
1102 1124 1137 1196 in
1154 1126 1344 1217 euangelica
1365 1148 1418 1193 vc.

372 1238 377 1241 ’
397 1244 499 1315 ritate
517 1244 712 1338 exponenda
728 1244 872 1317 debebat
888 1266 931 1313 ex
949 1243 1021 1338 ejus
1039 1243 1180 1335 irnperio
1207 1242 1256 1314 uti
1282 1258 1419 1314 sentcn-

400 1362 460 1431 tiis
479 1363 617 1435 cuilibet
636 1363 763 1449 obviis,
792 1362 932 1439 naturali
952 1386 991 1432 ac
1010 1362 1155 1454 simplici
1180 1360 1421 1432 constructione

402 1475 576 1549 verborum
586 1534 597 1567 ,
619 1496 688 1551 tunt
719 1477 887 1551 vocabulis
912 1501 974 1550 usu
993 1477 1080 1553 tritis
1091 1538 1102 1572 ,
1122 1476 1290 1567 cognitis,
1319 1472 1420 1543 lami.

395 1596 538 1672 liaribus
549 1650 558 1683 ,
569 1598 727 1689 quasique
742 1595 941 1681 vernaculis3
951 1596 1088 1685 perinde
1102 1620 1141 1665 ac
1153 1596 1181 1665 si
1202 1618 1313 1673 reuera
1327 1614 1420 1685 prae-

401 1732 533 1785 sentem
553 1716 705 1799 haberet,
726 1731 760 1785 et
779 1711 997 1804 alloqueretur
1014 1714 1213 1791 rusticanam
1228 1713 1362 1803 plebem
1383 1736 1421 1782 ao

401 1834 538 1911 rudem·
559 1834 602 1905 Et
627 1832 710 1904 haee
738 1831 780 1901 ud
805 1848 920 1908 nutum
948 1831 1038 1907 nulla
1067 1831 1315 1923 praeparatione
1343 1850 1420 1903 ante

399 1944 574 2023 adhibita.
594 1944 631 2021 Si
652 1944 783 2039 quando
800 1960 941 2018 errasset
968 1947 1177 2019 concionator
1206 1946 1241 2022 in
1271 1946 1423 2037 eligendo

400 2065 459 2139 vel
477 2066 704 2157 pertractando
735 2080 947 2156 argumento,
975 2066 1028 2134 vel
1054 2063 1340 2157 pronuntiatione,
1370 2066 1422 2143 vel

401 2178 647 2272 gestu,ipsu1n
676 2179 782 2253 notari
812 2178 855 2255 ab
874 2178 1057 2255 astantibus
1075 2197 1109 2248 et
1129 2178 1298 2255 admoneri
1331 2180 1422 2249 soles

401 2296 461 2369 bat
485 2297 828 2388 B.tnnanrcns.Quin
847 2297 917 2388 ipss
933 2298 1082 2378 omniurn
1102 2299 1229 2391 primus
1249 2296 1424 2374 exercebat

403 2408 440 2482 in
460 2432 535 2478 euru
556 2432 727 2484 censuram
748 2428 934 2486 accuratam
955 2427 988 2479 et
1004 2435 1135 2502 gravem
1149 2467 1155 2481 .
1168 2414 1264 2494 Nilril
1279 2415 1353 2490 uitii
1369 2438 1428 2503 pa·

407 2526 553 2595 tiebatur
566 2529 701 2618 impune
720 2526 883 2619 effugere.
899 2534 978 2596 Erat
993 2530 1029 2596 id
1049 2532 1134 2619 apud
1150 2531 1246 2605 illurn
1263 2529 1435 2604 momenti¹

402 2642 565 2717 maximi.
583 2645 755 2721 Electorus
774 2644 917 2734 aliquem
931 2668 973 2714 ex
991 2645 1033 2724 iis
1052 2644 1086 2717 in
1104 2644 1282 2735 paroclrum
1303 2646 1350 2717 sic
1370 2648 1425 2723 illi

405 2762 537 2858 ajebat:
558 2794 577 2829 s
600 2764 783 2838 Audiamus
804 2780 837 2835 te
855 2766 1103 2845 concionantem
1125 2767 1159 2843 in
1180 2767 1344 2855 triclinio,
1369 2796 1427 2859 po,

401 2900 475 2953 stoa
495 2884 753 2964 deliberabimus
771 2916 813 2954 s.
835 2886 1081 2977 Nonnunquam
1102 2914 1195 2974 reto,
1215 2908 1251 2957 ut
1269 2890 1424 2959 ostende,

319 3046 322 3053 ·
404 3012 456 3067 ret
476 2997 619 3088 aliquem
640 2999 706 3071 sibi
726 2998 925 3070 satisfecisse
945 3000 1103 3086 dicendo,
1118 3024 1194 3069 curn
1210 3001 1352 3069 donabat
1368 3026 1424 3090 ap.

404 3112 515 3203 posito
535 3112 599 3182 sibi
620 3111 755 3183 ferculo.
773 3116 816 3191 Et
830 3129 865 3181 ut
884 3114 1010 3204 optime
1029 3130 1167 3185 uerteret
1188 3111 1427 3205 hujusmodis-

402 3231 597 3317 xercitatio,
617 3233 738 3303 iisdem
764 3232 799 3303 in
830 3232 893 3301 hoe
913 3232 1072 3322 praefecit
1091 3232 1351 3307 eruditissimum
1373 3236 1424 3302 ri,

404 3372 479 3417 rum
498 3350 660 3421 loannem
680 3350 900 3419 Clericatmn.
922 3352 1050 3440 Quibus
1069 3348 1198 3441 effecit,
1219 3366 1255 3432 nt
1273 3366 1307 3419 at
1332 3352 1424 3441 peri-

407 3460 555 3531 tissimos
582 3478 616 3533 et
633 3463 926 3542 exercitatissimos
945 3465 1114 3543 ministros
1134 3480 1167 3533 et
1183 3464 1348 3567 operarios
1367 3463 1424 3533 ha·

405 3574 534 3667 perer(
559 3577 593 3667 l·

451 3692 544 3787 Quas
563 3688 642 3759 hinc
661 3692 822 3763 utilitates
842 3691 1043 3792 perceperit,
1064 3678 1195 3794 assequi
1215 3709 1327 3775 mente
1346 3687 1425 3771 faci·

750 3898 1081 3935 mmmmmmmm

452 4038 506 4129 (ι)
523 4038 592 4111 Act,
614 4040 721 4105 Beatil.
742 4040 785 4105 T.
807 4041 862 4111 lv.
881 4042 1020 4107 sennar.
1041 4060 1106 4133 pag.
1131 4040 1197 4111 186.
