3259 4959
411 396 482 469 230
887 414 972 469 rma

411 554 531 627 tante,
557 538 674 609 solitus
711 536 754 611 ad
780 559 889 607 sacros
922 536 1054 606 ordines
1082 559 1309 627 promovere,
1338 568 1434 617 sacro

410 660 608 730 monialium
628 682 666 728 ac
685 658 881 749 populorum
911 655 1066 750 regimini
1086 659 1262 748 praeficere
1279 684 1346 731 uon
1364 666 1436 737 nisi

410 782 537 873 pietate
558 804 595 849 ac
615 778 754 849 scientia
773 776 957 868 praeditos.
982 779 1077 848 Hanc
1093 780 1260 869 promovit
1277 778 1430 855 fovendis

411 899 548 995 privatis
567 896 847 987 disputationibus
865 920 904 967 ac
920 895 1083 988 publicis,
1102 896 1317 989 theologicis,
1340 900 1430 993 phy.

410 1016 489 1087 sicis
505 1066 514 1101 ,
533 1012 732 1083 academicis
752 1027 786 1079 et
809 1009 885 1081 aliis
901 1010 1142 1100 pcrtinentibus
1161 1011 1203 1081 ad
1231 1036 1360 1098 mores,
1384 1016 1431 1086 ad

411 1156 582 1217 canones,
607 1132 648 1223 ad
677 1130 852 1215 historias,
878 1128 1070 1199 clericorum
1084 1128 1184 1234 [bono
1210 1146 1245 1198 ct
1271 1131 1404 1221 publico
1417 1185 1431 1204 .

410 1247 555 1321 Pastoris
573 1242 796 1315 sollicitudine
821 1242 976 1313 incensus
1003 1243 1149 1334 suscepit
1166 1242 1263 1335 longa
1289 1244 1433 1335 itinera,

411 1384 448 1440 ut
467 1364 605 1437 traditas
625 1363 690 1435 sibi
710 1386 787 1433 oves
811 1377 1020 1455 cognosceret
1040 1377 1074 1430 et
1092 1379 1241 1451 pasceret
1252 1387 1344 1433 sacro
1362 1365 1430 1434 elo·

410 1483 504 1576 quio.
524 1482 649 1551 Harum
670 1500 781 1547 amore
799 1474 884 1546 obiit
902 1477 974 1545 loca
988 1475 1226 1568 propemodum
1239 1476 1432 1564 inaccessa,

412 1612 446 1665 ct
466 1596 565 1686 plane
584 1592 771 1681 inhospita.
792 1588 965 1679 Aegrotis,
983 1591 1177 1679 praesertim
1198 1589 1296 1670 morti
1323 1590 1434 1681 proxi·

411 1714 498 1796 mis,
516 1713 552 1783 in
580 1708 820 1782 valetudinaria
846 1708 948 1779 etiam
978 1697 1100 1795 domo,
1128 1724 1318 1799 contempto
1347 1731 1430 1799 quo·

412 1848 552 1917 cumque
571 1826 660 1897 ritae
678 1822 849 1915 periculo,
872 1823 1080 1894 sacram'euta
1097 1823 1166 1893 suis
1184 1823 1257 1917 ipsa
1278 1822 1434 1894 manibus

411 1937 675 2013 administravit.
1305 1926 1309 1934 ’

459 2059 556 2150 Legit
572 2056 658 2125 viros
679 2054 815 2141 doctos,
834 2055 1013 2146 prudentes
1031 2078 1070 2124 ac
1088 2052 1229 2145 probos,
1248 2074 1369 2144 eosque
1392 2080 1431 2127 a·

415 2172 575 2263 postolico
595 2192 686 2239 mors
705 2169 802 2263 jussit
820 2168 993 2239 circumire
1004 2168 1265 2256 urbes,castella
1281 2186 1315 2238 et
1329 2192 1430 2261 pagos

415 2288 458 2359 ad
476 2289 614 2379 populos
634 2290 848 2361 erudiendos.
862 2284 1340 2362 Autumnalibusautemieriis
1358 2312 1431 2358 mos

417 2406 469 2478 illi
490 2424 560 2477 erat
587 2430 760 2499 peragrare
785 2408 896 2489 vicos,
915 2425 950 2477 et
968 2407 1097 2477 animas
1123 2407 1258 2494 renari3
1284 2428 1434 2497 quaeque

412 2524 455 2593 ad
475 2540 641 2595 aetcmam
658 2526 800 2595 salutern
820 2526 1005 2615 pertinent,
1018 2526 1264 2597 accommodato
1279 2548 1432 2595 sermone

412 2660 595 2729 exponere.
615 2638 754 2728 Ampiae
773 2640 902 2709 Patavii
926 2640 1083 2711 instruxit
1100 2641 1220 2726 aedes,
1236 2640 1270 2709 in
1285 2664 1367 2731 quas
1381 2662 1435 2709 re·

411 2751 500 2844 cepti
519 2752 674 2823 caelestia
700 2769 828 2825 tantum
846 2753 1068 2847 inquirerent,
1088 2754 1217 2849 abjecta
1234 2778 1343 2823 rerum
1364 2769 1433 2825 ter-

411 2890 563 2937 renarum
583 2890 659 2936 cura
671 2918 679 2935 .
693 2866 819 2938 Eodem
839 2866 997 2953 consilio,
1011 2892 1087 2938 cum
1107 2886 1194 2937 esset
1211 2867 1343 2938 Brixiae
1362 2865 1433 2956 epi·

412 3006 550 3074 scopus,
570 2985 692 3075 palatio
712 3010 771 3055 suo
791 2984 979 3055 suburbano
997 2984 1119 3077 adjecit
1137 2983 1298 3073 quasdam
1326 2985 1433 3055 cellu-

413 3103 489 3188 las,
508 3102 542 3171 in
562 3128 644 3194 quas
671 3120 760 3173 certo
788 3120 957 3193 ternpore,
973 3126 1048 3171 curn
1067 3100 1158 3169 urbis
1185 3099 1321 3171 licentia
1345 3102 1434 3174 fure..

412 3231 481 3300 ret,
502 3238 620 3309 magno
639 3217 830 3285 clericorum
849 3233 884 3284 at
906 3216 1049 3283 virorum
1073 3214 1174 3283 etiam
1194 3212 1357 3286 nobilium
1378 3240 1432 3285 co-

412 3331 552 3421 mitatu,
571 3335 698 3407 solebat
715 3334 805 3407 idem
824 3334 977 3406 secedere
996 3334 1039 3403 ad
1057 3332 1161 3403 divini
1182 3332 1340 3403 Numinis
1368 3357 1430 3404 ve·

411 3445 503 3519 niam
522 3450 720 3524 sacrandam
740 3450 813 3543 (1).
835 3450 902 3542 Qui
920 3448 1056 3541 quidem
1075 3472 1152 3519 usus
1171 3448 1207 3521 in
1235 3447 1311 3519 aliis
1337 3447 1430 3521 urbis

754 3658 835 3687 ΜΝ
838 3659 959 3688 ΜΝ
962 3657 1086 3689 mm

451 3822 502 3902 (r)
523 3820 620 3885 brixia
639 3840 718 3885 sacra
737 3842 804 3905 pap.
822 3828 892 3899 402.
914 3821 993 3885 Vide
1012 3820 1098 3881 etism
1118 3777 1266 3903 epistolam
1291 3818 1427 3880 Murato-

411 3926 448 3989 rii
479 3929 516 3989 ab
543 3950 578 3992 so
605 3932 787 4015 praemissam
814 3930 911 4007 libro,
930 3950 1014 4013 quem
1040 3929 1083 3995 sic
1106 3928 1271 4014 inscripsit:
1294 3926 1435 4007 Esercis}

409 4037 564 4120 spirituali
574 4078 584 4101 .
