3259 4959
558 595 755 668 *vlita

302 828 344 947 F
347 820 667 944 uauclscl
703 817 1054 937 Bonuet’rl

218 1565 329 1766 Qui
363 1643 447 1714 mihi
483 1643 540 1714 din
573 1667 744 1733 superesse
777 1636 921 1713 debehat
954 1657 1062 1712 aetate
1089 1641 1186 1720 valde

166 1773 340 1856 provecto,
364 1763 565 1846 Franciscus
597 1765 785 1846 Boarettua,
808 1764 857 1836 vir
883 1761 1061 1851 multiplici
1085 1759 1184 1832 laude

170 1859 295 1962 clarus,
320 1877 408 1962 idem
447 1877 559 1968 paucis
589 1876 631 1946 ab
658 1876 736 1948 hinc
755 1876 851 1948 aunis
885 1876 953 1945 vita
982 1873 1111 1944 functus
1130 1897 1187 1942 no·

173 2013 250 2065 rum
271 2004 497 2082 argumentum
527 1989 663 2080 praehet
693 1988 851 2058 historiae
875 2011 988 2056 nreae.
1021 1990 1054 2056 ls
1073 1988 1185 2076 itaque

170 2107 275 2184 XVII
293 2105 365 2174 Cnl.
395 2103 661 2192 Septemiacum
685 2103 772 2192 ¹⁴74ss
791 2119 887 2168 natus
910 2113 960 2168 est
983 2101 1105 2170 Masiis
1125 2123 1186 2191 pa-

172 2218 302 2286 tavinae
331 2216 492 2290 dioecesis
521 2212 674 2302 paroecia
703 2215 745 2280 ad
774 2214 880 2302 ripam
911 2213 1045 2282 Athesis
1072 2231 1186 2287 contra

171 2333 364 2402 abbatiense
392 2331 549 2422 oppidum
579 2335 660 2410 sita.
691 2331 803 2408 Prima
831 2332 1066 2424 grammaticae
1092 2331 1188 2403 rudis

173 2463 285 2530 merita
305 2451 451 2536 percepit
467 2449 500 2522 in
519 2445 721 2520 abbatiensis
741 2433 1023 2516 illius'seminarii
1043 2445 1185 2548 scholis,

170 2589 254 2654 quae
276 2545 340 2634 non
360 2567 441 2646 solis
461 2565 602 2652 alumnis
633 2564 811 2658 patebant,
835 2567 892 2648 sed
920 2569 1108 2668 insuperet
1125 2585 1186 2636 ex.

174 2669 295 2769 ternis,
637 2667 639 2672 Ι
999 2661 1002 2668 ¹

218 2799 304 2877 Hinc
324 2797 496 2874 discedens
516 2798 688 2885 Patavium
712 2799 823 2892 uenit,
842 2815 877 2878 et
895 2800 930 2867 in
951 2799 1047 2890 huius
1074 2798 1186 2870 semi..

173 2911 259 2986 narii
279 2913 414 2981 clericos
434 2913 616 3003 descriptus
632 2929 682 2990 eat
697 2935 716 2984 a
732 2912 891 2985 cardinali
910 2911 1092 2988 Veronesio
1108 2935 1185 2990 cum

173 3045 295 3106 anirum
316 3029 467 3127 quintum
487 3050 586 3116 supra
605 3027 771 3106 decimum
796 3028 1000 3107 inchoasset.
1027 3023 1184 3114 seponto,

174 3139 219 3222 rie
240 3145 473 3228 grammaticae
493 3145 601 3224 studio,
621 3142 771 3221 addictus
790 3143 936 3216 eminere
959 3141 1073 3210 statim
1097 3143 1183 3210 iuter

173 3253 414 3341 condiscipulos
433 3275 562 3346 coepit,
583 3281 621 3326 ae
640 3257 787 3350 prosperi
807 3256 942 3324 omnino
960 3255 1068 3324 exitus
1087 3279 1183 3347 spero

172 3367 349 3459 praebere.
372 3371 597 3442 Adolescentia
617 3375 764 3450 indolem
784 3397 820 3442 se
839 3398 874 3442 se
893 3372 1085 3442 efferentem
1104 3397 1182 3464 quo,

172 3485 254 3553 tidie
275 3485 380 3576 magis
400 3484 539 3555 feliciter
558 3511 748 3576 promovere
768 3488 877 3571 modis
904 3488 1057 3567 omnihus
1083 3513 1181 3580 prae·⁴

163 3613 340 3690 septenes,
360 3601 550 3689 opportunis
571 3601 741 3687 laudibus,
762 3600 1063 3688 adhortationibus,
1083 3626 1180 3696 prae-

172 3715 268 3798 miis,
290 3729 358 3794 tum
380 3715 520 3803 publicis
540 3717 742 3808 privatisque
767 3715 1076 3803 exercitationibus,
1095 3739 1179 3807 quae

171 3849 214 3902 ex
232 3828 408 3916 seminarii
428 3829 662 3912 consuetudine
683 3831 795 3912 haberi
815 3831 941 3906 solent.
1122 3818 1125 3823 ‚

214 3949 322 4039 Atque
341 3948 396 4018 hic
415 3947 499 4030 mihi
520 3951 664 4032 venitin
683 3967 829 4034 mentem
848 3948 1043 4064 illiuessdiei,
1057 3973 1122 4052 quo
1140 3949 1177 4066 in

1200 4051 1297 4161 'ha
