3259 4959
356 464 413 532 ni.
441 461 481 530 ln
499 452 609 552 ipsam
628 457 846 550 posteriorum
865 457 1104 548 analyticorum
1129 449 1379 551 interpretatio

357 598 455 659 uem,
475 572 563 665 quod
582 589 652 643 crat
671 574 686 664 (
695 580 732 642 lrt
749 596 830 643 mcx
848 570 1057 664 ridebimus)
1073 573 1228 665 publicae
1243 574 1378 646 scholae

357 711 498 782 pensum
518 687 554 754 in
572 685 635 754 hoc
653 685 811 776 patavino
830 683 1032 778 Gymnasio,
1047 687 1128 759 talia
1147 689 1309 780 quaedam
1328 690 1378 759 in·

358 805 509 876 serebat.
522 807 566 875 Et
583 804 741 896 qnoniam
759 830 781 876 a
798 804 952 875 chimicis
967 804 1078 874 brevis
1096 803 1249 876 etfacilis
1270 823 1379 879 trans·

357 918 424 990 itus
443 917 486 988 ad
508 913 721 1004 oicbirttt‘artt,
741 919 776 988 in
795 918 882 990 banc
902 941 966 988 nott
987 943 1081 990 suam
1101 936 1229 992 tantum
1247 921 1376 1015 impen-

356 1033 409 1103 dit
426 1057 562 1125 opcram
580 1049 614 1102 et
632 1033 831 1126 pecuniam,
849 1033 909 1104 sed
928 1049 962 1104 et
985 1031 1203 1106 domesticam
1229 1037 1377 1128 supelle-

361 1153 496 1224 ctilem.

403 1273 568 1365 Magnum
595 1271 722 1364 aliquid
749 1269 968 1357 moliebatur,
996 1293 1058 1344 nec
1076 1270 1269 1360 dubitabat,
1294 1275 1374 1367 quin

357 1391 394 1462 id
413 1409 501 1462 esset
520 1390 586 1461 sibi
604 1413 774 1461 cessurum
798 1403 971 1482 prospere.
999 1393 1090 1462 Haec
1117 1391 1154 1461 in
1172 1390 1243 1485 ejus
1263 1394 1375 1464 auimo

358 1528 436 1595 spes
454 1504 639 1592 insederat,
658 1527 759 1596 quam
779 1503 918 1596 physica
936 1503 1225 1593 scholasticorum,
1248 1507 1302 1578 cui
1322 1505 1374 1582 vel

358 1624 508 1695 maxime
526 1623 676 1694 addictus
697 1622 841 1709 Verius,
860 1623 1102 1714 quodammodo
1120 1613 1232 1696 alebat
1251 1643 1284 1696 et
1302 1651 1377 1696 eor-

359 1741 535 1812 roborabat
554 1742 622 1812 suis
641 1742 819 1827 doctrinis,
839 1741 882 1812 iis
900 1743 1094 1832 praesertim
1103 1796 1115 1830 ,
1130 1769 1215 1837 qnae
1238 1744 1283 1815 de
1299 1745 1376 1815 inti-

359 1882 417 1930 ma
434 1861 671 1932 clementomm
688 1861 976 1932 transmutatione.
993 1861 1065 1932 Nee
1079 1863 1278 1934 recentiores
1293 1864 1377 1956 phy-

357 1973 445 2043 sicos
463 1974 533 2065 pati
552 1991 698 2064 poterat,
713 1997 851 2065 quorum
867 1974 1029 2044 contraria
1047 1968 1218 2066 dogmata.
1234 1977 1380 2048 Gassen·

361 2092 423 2163 dus
442 2109 540 2184 atquc
552 2093 720 2164 Cattesitrs
738 2093 874 2163 nomina
892 2091 1002 2164 minus
1021 2111 1126 2186 grata.
1142 2095 1212 2164 Hos
1231 2095 1378 2186 appella-

359 2203 423 2305 bat
448 2201 591 2275 Titanus
604 2203 854 2300 philosophiae,
880 2206 940 2277 sed
967 2207 1049 2278 haec
1077 2208 1235 2299 temporis
1263 2207 1374 2300 potius

357 2327 460 2415 vitia,
478 2351 578 2419 qtram
597 2327 764 2414 hominis,
783 2325 965 2419 quaelicet
982 2326 1147 2398 obfuerint
1172 2355 1237 2401 non
1258 2354 1374 2421 pamm

356 2447 481 2531 Verio,
501 2448 608 2517 adbuc
628 2461 739 2516 tamen
758 2445 887 2530 floruit,
906 2461 944 2516 ut
962 2463 1061 2518 autea
1081 2447 1248 2535 diximus,
1266 2467 1302 2519 ct
1320 2450 1375 2519 in-

357 2576 408 2628 ter
426 2557 510 2628 alios
528 2558 578 2628 sui
597 2556 723 2626 ordinis
743 2557 840 2625 valde
858 2556 1020 2625 eminuit.

403 2677 502 2748 Certe
520 2675 697 2747 Seminarii
725 2675 875 2744 alumnos
903 2675 1009 2744 multa
1034 2687 1109 2747 cum
1137 2674 1235 2750 laude
1261 2679 1374 2753 docuit

356 2795 467 2888 plures
485 2818 588 2864 annos
606 2817 682 2864 cum
701 2791 947 2885 philosophiam
967 2811 1064 2886 atque
1087 2797 1282 2885 mathesim,
1297 2803 1371 2869 'tnm

355 2935 483 2980 sacram
504 2908 724 3002 theologiam.
743 2905 885 3000 collegii
914 2907 1059 2999 primum
1081 2911 1256 3003 theologici
1267 2966 1278 2998 ,
1298 2927 1373 3003 post

357 3029 460 3098 ctiam
478 3027 601 3097 medici
620 3028 673 3123 jus
691 3025 858 3114 obtinuit3
878 3037 976 3120 atque
993 3029 1076 3100 illud
1096 3031 1230 3122 quidem
1250 3030 1374 3119 imple-

356 3144 406 3211 vit
425 3142 492 3212 suis
512 3140 705 3232 discipulis,
720 3141 807 3233 quod
827 3157 923 3212 antea
945 3143 1101 3213 tenebant
1119 3143 1181 3214 soli
1202 3167 1374 3234 propemo-

355 3257 436 3328 dum
463 3255 686 3326 Coeuobitac.
717 3256 855 3347 Optime
883 3272 1028 3326 versatus
1057 3273 1127 3326 erat
1156 3257 1192 3326 in
1222 3258 1373 3333 doctrina

355 3378 512 3447 Patrem.
526 3375 715 3447 Aristotelis
735 3394 845 3446 autem
865 3400 964 3466 opera
983 3389 1017 3446 et
1036 3375 1069 3448 S.
1084 3375 1234 3449 Thomas
1249 3395 1284 3450 et
1302 3377 1373 3450 fun-

354 3493 445 3564 ditus
464 3509 619 3581 noverat,
638 3510 673 3564 et
692 3513 841 3567 accurate
862 3495 1042 3566 didicerat.

401 3609 519 3679 Exstat
536 3623 706 3700 praeterea
725 3627 872 3702 systema
891 3610 1068 3702 physicum
1096 3609 1140 3681 ab
1159 3635 1198 3680 eo
1221 3634 1262 3680 ex
1280 3607 1374 3702 prtu-

355 3720 455 3814 cipiis
473 3722 609 3815 quidem
628 3740 797 3811 veterum,
814 3725 874 3793 sed
892 3748 976 3794 nova
996 3724 1233 3816 temperatione
1253 3725 1372 3795 confla-

354 3838 446 3916 ium,
465 3837 554 3908 Illud
571 3853 683 3907 autem
707 3861 765 3928 pro
783 3853 872 3907 certo
890 3835 1054 3921 habebat,
1085 3851 1205 3907 terram
1224 3835 1348 3907 moveri
1358 3885 1372 3921 ,

357 3970 393 4038 ct
408 3956 554 4036 habitari
571 3959 740 4056 planetas.
757 3955 855 4052 Quod
875 3978 949 4030 vero
969 3954 1012 4030 ad
1032 3953 1215 4070 theologice
1228 3964 1376 4056 spectat,
