3259 4959
425 356 495 434 308
907 381 992 436 urs

430 494 473 565 ob
492 485 528 566 id
549 504 747 568 testamento
770 493 895 587 legavit
917 513 1040 567 certam
1057 495 1216 588 pecuniae
1230 498 1298 568 rlm
1315 505 1359 570 elt
1371 521 1445 573 tua·

428 637 502 683 rum
514 615 757 705 possessionum
769 611 928 682 lructihns
942 613 1189 705 percipiendam
1207 614 1243 682 in
1263 639 1365 688 annos
1382 621 1447 688 sin·

428 737 541 828 gulos.
563 736 663 807 Suam
685 738 823 807 duarum
843 750 955 826 patere
975 735 1079 803 voluit
1098 733 1304 824 hospitibus:
1323 738 1358 806 hi
1374 739 1444 832 ejus

430 873 581 921 mensam
598 851 730 941 saepius
745 849 921 918 ornabant.
934 849 1046 918 Plures
1063 849 1186 918 amieos
1201 849 1332 938 habuit,
1342 854 1377 922 in
1392 855 1444 925 his

428 971 480 1040 Μ.
494 970 677 1040 Antonium
696 958 916 1039 Forcelliirum
928 1021 939 1055 ‚
952 970 992 1040 de
1005 993 1069 1059 quo
1087 985 1181 1053 anto,
1195 966 1258 1039 sibi
1271 992 1372 1063 prope
1391 997 1443 1046 se·

430 1091 564 1187 qualem
578 1072 727 1184 ejusdem
748 1090 855 1158 laudis
871 1090 1038 1159 aemulum
1054 1106 1088 1160 ct
1106 1090 1250 1160 virtutis.
1270 1088 1361 1162 Haeo
1376 1115 1444 1186 por·
1514 1163 1518 1177 ,

428 1231 466 1278 ro
484 1206 663 1276 aemulatio
689 1221 818 1273 tantum
844 1202 950 1272 abfuit
979 1205 1020 1273 ab
1041 1205 1279 1275 obtrectatione
1298 1223 1332 1276 et
1351 1207 1440 1276 invi-

435 1326 510 1410 tis,
526 1341 611 1416 qnae
630 1324 715 1393 solet
732 1325 877 1393 lacerare
897 1324 1089 1416 plerosque,
1104 1339 1141 1393 ut
1159 1323 1340 1394 maximam
1361 1326 1445 1396 inter

431 1463 488 1509 eos
518 1438 783 1508 benevolentiam
803 1438 988 1508 conciliarit
1022 1453 1056 1508 et
1075 1437 1236 1528 gratiam.
1257 1441 1302 1507 lis
1327 1461 1448 1526 nemo,-

437 1579 536 1646 quam
557 1554 640 1623 alter
659 1553 753 1622 alteri
769 1552 875 1622 carior
893 1550 974 1622 fuit.
993 1553 1118 1644 Magna
1138 1552 1220 1622 haec
1238 1550 1275 1620 in
1293 1552 1446 1624 societate

433 1666 922 1738 hominumcommendatiol'
993 1743 996 1748 ,

483 1789 609 1878 Magna
629 1811 757 1878 quoque
788 1787 893 1856 rictus
912 1781 1106 1878 frugalitas.
1128 1779 1218 1856 Inter
1237 1782 1382 1856 assiduos
1405 1779 1449 1854 la·

435 1899 532 1971 bores
551 1902 633 1974 haee
652 1903 747 1972 illum
767 1902 911 1972 servavit
930 1901 1149 1988 incolumem,
1168 1900 1248 1972 licet
1267 1917 1353 1971 esset
1367 1902 1448 1970 rale-

438 2016 553 2092 tirdine
571 2043 637 2090 non
657 2021 807 2090 robusta.
838 2024 1031 2114 Opportuna
1059 2023 1162 2094 etiam
1181 2021 1390 2106 exercitatio,
1417 2034 1450 2088 et

437 2163 556 2232 operae
571 2140 772 2210 intermissio
787 2163 853 2209 non
870 2165 985 2233 pamm
999 2141 1139 2211 contulit
1151 2140 1192 2210 ad
1203 2140 1449 2232 prosperitatem

438 2257 547 2340 vitae,
567 2279 667 2347 quam
686 2256 841 2347 produxit
865 2255 1028 2348 usquead
1055 2256 1208 2325 ultimam
1227 2271 1447 2341 senectutem,

438 2395 517 2445 usus
536 2376 672 2466 integris
692 2375 795 2443 animi
816 2373 1047 2461 facultatibus,
1067 2391 1100 2446 et
1118 2376 1268 2445 sensibus
1287 2377 1449 2466 corporis,

436 2489 631 2588 praesertim
652 2489 777 2580 oculis,
797 2514 934 2599 quorum
955 2497 1042 2567 acies
1061 2496 1195 2566 omnino
1212 2493 1384 2588 perspicax
1402 2495 1448 2566 in·

439 2626 622 2686 strumento
642 2612 743 2684 vitreo
763 2637 827 2684 non
849 2613 956 2710 eguit.
1080 2585 1090 2608 ⁸

484 2727 582 2800 Anno
599 2746 676 2801 ante
695 2727 822 2800 obitum
844 2753 886 2802 ex
905 2757 983 2802 casu
1004 2725 1145 2824 quodam
1167 2725 1298 2804 fortuito
1318 2757 1381 2801 nou
1402 2731 1457 2801 rri-

436 2840 486 2916 hll
509 2833 673 2937 torpuerat
691 2845 817 2916 laesum
831 2845 1004 2918 brachium
1023 2864 1057 2920 et
1072 2872 1188 2918 manus
1202 2849 1336 2918 dextera
1348 2899 1356 2916 .
1368 2846 1456 2919 Aliis

438 2959 579 3028 subinde
597 2960 818 3030 incommodis
837 2961 958 3048 ¹vitiata
981 2961 1071 3032 illius
1092 2961 1262 3034 valetudo.
1276 2961 1394 3032 Voluit
1410 2979 1459 3031 ta·

438 3091 518 3140 rnen
537 3071 580 3140 ad
599 3074 823 3145 rusticandum
851 3077 893 3144 de
923 3099 1014 3146 ruore
1033 3077 1186 3148 secedere
1206 3077 1241 3147 in
1260 3101 1354 3146 suum
1373 3081 1460 3147 ·Tu-

442 3183 633 3254 seulanurn.
663 3185 865 3276 appellabat
892 3187 949 3258 ille
973 3190 1038 3260 hoc
1055 3192 1188 3260 nornine
1215 3192 1461 3282 possessionem

438 3305 618 3410 quamdam
639 3308 784 3377 Bassano
801 3321 837 3376 et
854 3309 1056 3380 Marosticae
1071 3311 1243 3382 moenibus
1261 3309 1464 3406 interjacen-

443 3432 571 3507 tern‚a
599 3445 635 3492 se
663 3439 850 3525 coemptam
878 3447 954 3494 cunr
978 3424 1148 3513 aedificio,
1176 3427 1262 3518 quod
1290 3437 1469 3496 amaverat

439 3530 531 3608 ldem
550 3520 742 3632 splentlide.
1141 3528 1144 3534 ¹

485 3665 535 3732 Eo
554 3685 589 3732 sa
608 3673 795 3755 receperat,
815 3683 891 3736 cum
912 3661 1100 3741 vehementi
1130 3666 1293 3736 viscerum
1318 3661 1472 3763 *inflam-

441 3769 800 3870 matione'corripitnr.
821 3785 908 3852 Tum
926 3781 1124 3852 christianae
1142 3761 1276 3874 pietatis
1291 3775 1390 3848 editis
1406 3801 1471 3847 ar-

343 3961 348 3968 ,
442 3891 609 3981 gurnentis
626 3894 695 3963 XII
717 3894 789 3963 Cal.
810 3895 916 3966 Julias
936 3919 1011 3996 ann.
1036 3919 1122 3992 1:⁷92
1142 3919 1216 3966 cnm
1237 3918 1360 3964 aonam
1381 3915 1473 3962 sex-

425 4009 514 4101 ,ttt'ttt
533 4029 632 4102 supra
650 4008 888 4104 octogesimum
905 4011 1112 4100 inchoasset,
1132 4009 1234 4082 vitam
1254 4003 1479 4102 reliquit,ii'o
