3259 4959
1153 392 1227 437 xvtr

211 538 277 609 que
305 509 479 596 subtilins;
501 505 581 600 quid
604 502 714 597 aptius
744 503 786 573 ad
814 502 1059 595 corripiendum
1078 503 1225 577 Thraso-

213 658 290 705 nem
318 630 495 723 quemdam
517 626 691 696 terrificum
710 623 982 693 insolentissimis
1003 622 1111 693 verbis
1130 650 1166 696 se
1185 651 1221 697 se

209 751 424 836 efferentem3
439 744 519 837 quid
538 745 580 815 de
599 742 821 813 aemulatione
837 744 981 834 pulcrius
1001 760 1099 833 atque
1119 746 1227 833 splen·

211 870 343 957 didius3
365 868 406 937 de
425 882 515 935 casta
530 880 564 934 et
583 862 842 933 incontaminata
860 860 978 952 poesi,
993 862 1033 931 de
1052 863 1230 935 flexanima

209 986 422 1079 eloquentia,
441 984 482 1053 de
503 1006 583 1075 pace
611 981 741 1073 populis
769 980 997 1071 optatissima,
1018 982 1123 1071 deque
1153 982 1229 1053 aliis

212 1104 405 1195 permultis,
426 1123 532 1193 quae,
550 1100 608 1170 ubi
628 1100 760 1192 publice
778 1099 1016 1183 recitabantur,
1030 1114 1155 1169 tantam
1174 1124 1230 1171 ex-

211 1218 361 1289 citabant
380 1214 654 1299 admirationem,
673 1231 710 1283 ut
729 1214 905 1283 invaluerit
923 1214 1011 1304 apud
1030 1214 1116 1283 viros
1142 1215 1230 1287 litte·

212 1336 397 1407 rarissimos
416 1357 479 1403 vox
494 1334 578 1403 heec
590 1360 597 1401 :
609 1330 759 1401 ferrarii
772 1330 902 1400 t‘ontbos
910 1356 925 1412 ,·
940 1355 980 1401 eo
995 1330 1096 1403 ferme
1111 1336 1227 1421 modo,

209 1478 276 1545 quo
306 1452 439 1524 Nioben
469 1449 672 1534 Praxitelis,
700 1449 865 1517 Helenam
900 1450 1048 1535 Zeuxis,
1075 1452 1229 1525 Conovae

213 1568 367 1660 Psychen
395 1566 504 1635 dicere
521 1563 666 1637 solemus
686 1562 728 1633 ad
748 1561 950 1654 singularem
969 1565 1078 1655 operis
1098 1568 1231 1656 praeli-

215 1687 399 1758 cationem.
453 1708 457 1721 ·
1215 1684 1218 1690 '

260 1802 379 1892 Neque
399 1822 475 1869 vero
495 1798 783 1891 praetermittenda
811 1812 863 1865 est
882 1796 952 1893 ejus
972 1798 1170 1891 simplicitas
1199 1814 1234 1869 et

216 1919 319 2011 gratia
348 1917 489 1987 Phaedri
509 1918 693 2009 elegantiae
712 1918 844 1987 aemula
873 1940 911 1987 ac
932 1942 1036 2009 paene
1066 1943 1145 2010 par,
1166 1944 1233 1989 rno-

216 2062 288 2107 rum
308 2037 415 2107 fictrix
427 2054 437 2123 ,
456 2038 578 2107 blanda
606 2038 694 2107 vitae
722 2038 899 2127 magistre,
920 2038 1047 2108 sin'cern
1075 2040 1232 2111 vitiorum

213 2156 444 2239 emendatrix,
471 2144 536 2247 ilua
563 2154 703 2238 bestiis,
728 2154 937 2240 volucribus,
958 2157 1011 2224 vel
1031 2158 1234 2245 agrestibus,

217 2290 276 2348 aut
299 2272 513 2355 domesticis,
531 2272 595 2339 etsi
613 2271 726 2361 lingua
745 2294 784 2337 ac
803 2270 930 2339 ratione
949 2273 1138 2360 expertibus
1149 2326 1158 2357 ,
1184 2275 1236 2341 lo-

216 2383 342 2475 quendi
353 2435 364 2467 ‚
377 2382 552 2467 monendi,
571 2380 727 2472 arguendi
748 2380 922 2450 hominum
938 2406 1029 2451 more
1045 2380 1237 2455 facultatem

220 2494 353 2565 tribuit.
372 2496 412 2563 ln
433 2517 497 2583 quo
515 2492 680 2563 scribendi
701 2516 837 2584 genere,
857 2494 944 2583 quod
963 2517 1002 2562 eo
1022 2494 1128 2585 tnagis
1147 2496 1237 2565 dilli-

218 2608 284 2679 cile
293 2661 304 2693 ,
321 2632 385 2700 quo
403 2604 478 2697 plus
498 2604 681 2691 familiare,
696 2622 732 2675 ut
749 2608 894 2697 perbelle
913 2606 1040 2701 jocatur
1058 2624 1092 2677 et
1110 2610 1237 2683 utiliter

216 2723 291 2793 ficte
321 2720 487 2804 inductis,
515 2734 549 2791 et
577 2720 612 2791 in
637 2738 813 2810 conspectu
843 2719 960 2809 positis
988 2721 1235 2811 animantibus,

217 2856 303 2927 qnae
331 2834 411 2907 dum
443 2834 529 2901 inter
559 2856 595 2903 se
629 2830 833 2903 amicissime
861 2832 1089 2925 colloquuntur
1118 2836 1172 2907 vel
1194 2838 1239 2908 ad

217 2950 358 3023 sontium
379 2976 417 3023 ac
437 2951 610 3023 fluminum
628 2976 724 3039 oras,
750 2952 804 3021 vel
829 2952 863 3021 in
884 2953 971 3044 agris
991 2971 1047 3024 aut
1076 2956 1110 3025 in
1138 2957 1237 3027 salti-

218 3070 300 3155 bus,
321 3071 464 3163 gaudent
487 3052 656 3142 hilaritate
683 3073 825 3163 quadam
854 3090 889 3141 et
915 3071 1006 3164 joco,
1034 3073 1125 3143 uelut
1147 3076 1237 3146 ludi-

219 3182 322 3253 bundi
344 3203 490 3270 actores,
522 3186 667 3255 vividam
694 3209 828 3256 scenam
848 3184 1032 3277 patefacere
1059 3189 1102 3261 nd
1128 3214 1238 3261 mores

221 3302 426 3393 corrigendos
455 3304 758 3391 accommodatam,
779 3308 887 3375 varias
907 3330 1062 3396 personas
1079 3306 1236 3393 induere,

220 3414 382 3483 humanas
402 3417 546 3485 actiones
566 3435 601 3487 et
628 3420 826 3509 cupiditates
853 3420 1000 3505 imitari,
1024 3446 1089 3513 qua
1117 3422 1238 3493 referre

222 3526 396 3599 hominum
417 3524 637 3601 temeritatem
651 3548 685 3603 et
699 3533 974 3623 imprudentiam,
989 3560 1054 3627 qua
1072 3538 1237 3609 malitiam

220 3645 274 3717 rel
292 3648 465 3719 audaciam
485 3651 669 3741 exprimere
680 3680 690 3740 ;
710 3676 795 3725 ttutte
814 3655 1055 3739 continentiae,
1083 3680 1240 3727 munstre·

222 3758 368 3845 tudinis,
395 3785 481 3831 nunc
511 3764 733 3852 constantiae,
763 3766 980 3857 prudentiae,
1003 3768 1240 3841 moderationis

222 3874 377 3962 exempla
395 3890 429 3941 et
449 3877 644 3953 docmuenta
665 3880 864 3971 proponere!
886 3882 1000 3980 Sentio
1020 3906 1097 3967 vos,
1112 3886 1242 3955 audito·

223 4009 292 4075 tes,
319 3988 388 4083 jam
417 3990 601 4137 intelligere
630 4020 685 4069 me
712 3996 802 4090 loqui
832 3997 873 4069 de
896 3998 939 4069 iis
965 3998 1131 4094 apologis,
1155 4023 1244 4094 quos
