3259 4959
534 373 655 451 meost
672 374 908 429 scteocntnt
1157 357 1226 456 289

212 492 277 569 sibi
297 497 422 570 socium
454 499 633 572 adsciscere
652 502 903 572 florentissimae
929 498 1130 572 Academiae
1144 505 1224 599 Ι(ι),

212 611 256 684 de
274 638 313 682 eo
331 615 483 707 gloriari,
503 639 577 684 suos
593 615 779 684 describere
798 618 833 683 in
859 613 963 686 fastos
988 615 1136 709 ejusdem
1163 643 1225 688 no,

213 753 306 818 men,
325 749 360 803 et
378 733 545 803 annalium
564 734 884 824 memoriaposteris
904 734 1049 820 tradere,
1069 757 1145 806 eum
1172 735 1228 808 de·

212 845 313 934 nique
338 847 531 932 honoribus,
553 848 657 917 titulis
675 873 714 916 ac
735 848 891 939 praemiis
912 848 1083 940 prosequi·

257 964 443 1053 Quineum
459 966 619 1036 honorare
637 967 700 1034 risi
720 976 797 1036 sunt
816 966 916 1058 primi
935 968 1079 1036 virorum
1107 967 1227 1058 princi-

211 1099 292 1166 pum
311 1068 497 1150 administri
517 1096 551 1150 ct
569 1081 749 1150 consiliarii
778 1081 926 1170 pluribus
954 1080 1123 1172 epistolis,
1142 1106 1234 1174 quac,

212 1197 267 1265 vol
285 1199 414 1270 erudita
433 1201 622 1285 continent,
641 1200 694 1268 vel
712 1199 862 1269 indicant
880 1224 918 1268 ea
946 1199 1131 1289 praesidia,
1150 1198 1227 1292 qui·

208 1310 273 1380 bus
293 1315 477 1403 promoveri
497 1339 549 1382 res
569 1314 729 1383 litteraria
747 1311 876 1382 facilius
897 1330 1009 1402 posset
1028 1315 1105 1402 (2).
1213 1370 1215 1378 ,

257 1426 481 1496 Fecdirtandus
501 1427 573 1516 ipse
592 1426 773 1498 Borbouius
792 1424 901 1498 inians
931 1427 1113 1517 parmensis
1138 1427 1225 1512 dut,

211 1563 288 1608 cum
305 1539 432 1610 duabus
450 1540 600 1631 epistolis
618 1565 685 1614 uon
703 1540 812 1613 aliona
839 1565 958 1624 manu,
978 1543 1036 1610 scd
1055 1567 1114 1612 sua
1141 1531 1229 1612 scri-¹

212 1656 281 1746 ptis
306 1681 383 1728 eum
401 1658 606 1745 honestavit,
634 1674 704 1734 tum
733 1658 834 1732 etiam
862 1659 946 1730 ultro
971 1658 1065 1726 titulo
1092 1659 1226 1726 comitis

213 1771 324 1862 ipsum
338 1777 450 1860 auxit,
466 1794 634 1867 totamque
647 1791 779 1867 gentem
799 1775 902 1865 ipsius
916 1776 968 1844 rel
987 1775 1021 1844 iu
1039 1791 1227 1866 posterum,

213 1885 553 1962 honorificentissimis
571 1890 691 1960 litteris
710 1889 753 1959 ad
771 1888 926 1962 corridum
947 1888 1078 1972 missis,
1099 1886 1193 1978 praes
1211 1931 1227 1948 -

212 2003 361 2075 rentibus
378 2008 505 2101 regium
523 2023 665 2082 stemma
682 2009 756 2098 (3).
775 2008 873 2095 Quod
892 2006 971 2075 licet
991 2029 1146 2098 magnum
1165 2008 1231 2091 sit,

213 2144 278 2190 non
293 2140 403 2194 tamen
424 2127 542 2195 miror.
557 2130 660 2196 Erant
678 2126 769 2193 onim
788 2125 823 2214 in
843 2123 913 2216 ejus
927 2123 1028 2194 oculis
1039 2147 1230 2194 monumen·

214 2256 246 2306 tn
261 2245 479 2330 pulcherrima
497 2269 516 2310 a
531 2243 722 2333 Bollogrado
735 2241 832 2309 nobis
852 2241 985 2312 relicta.
1000 2246 1102 2311 Erant
1113 2243 1174 2312 riri
1192 2242 1230 2310 il-

214 2353 333 2429 lustrss
344 2355 388 2424 ab
405 2354 523 2427 eodem
536 2355 685 2425 scientiis
699 2355 902 2447 gravioribus
914 2354 1057 2426 instituti
1064 2407 1076 2442 ,
1088 2379 1169 2446 quos
1181 2357 1229 2428 in·

559 2559 890 2596 munumentum

212 2701 310 2777 rodis,
333 2716 365 2764 ct
392 2702 439 2766 iric
464 2704 593 2769 vicissim
610 2704 642 2766 in
661 2702 721 2769 suis
740 2701 779 2765 ad
797 2701 1013 2766 Bettinollium.
1031 2701 1110 2768 Vide
1138 2706 1230 2769 Toni·

212 2807 292 2868 XIV
311 2827 426 2888 operum
443 2806 589 2866 Francisci
608 2806 719 2868 comitis
737 2805 902 2884 Algentem,
922 2827 994 2888 quae
1014 2807 1145 2874 Venetiis
1164 2806 1228 2866 edi-

214 2925 244 2972 ta
262 2935 329 2973 auu.
351 2914 426 2994 1764
446 2914 521 2996 typis
551 2913 650 2984 Caroli
670 2913 783 2975 Palesc.
802 2911 944 2996 Josephus
966 2913 1052 2976 ctiam
1074 2915 1226 2974 Barthoius

213 3013 365 3097 splendide
382 3014 534 3082 admodum
543 3012 579 3074 de
594 3013 704 3075 Jacobo
723 3015 755 3076 in
773 3035 858 3100 opere
871 3053 879 3084 ‚
892 3012 969 3100 quod
987 3013 1151 3095 inscripsit:
1165 3013 1228 3074 Ro-

212 3127 397 3198 gt‘unomeato
415 3125 509 3210 prium
528 3143 616 3204 sopra
636 3120 807 3180 t‘anticttta
828 3121 880 3178 det
898 3121 1011 3180 Diuico
1028 3123 1210 3199 quiriniano.

255 3235 303 3309 (r)
326 3230 392 3290 Fuit
404 3228 479 3289 inter
493 3227 621 3290 Arcadas
640 3227 768 3294 Parmam
788 3225 926 3287 deductos
947 3225 1226 3310 uomineDamagoti

213 3337 343 3422 Crypton
356 3335 430 3394 inter
442 3338 621 3409 intimatos,
636 3334 857 3415 Phytiocriticos
876 3347 904 3395 et
918 3337 1053 3396 Etruscos
1068 3335 1158 3395 ‚Eum
1177 3355 1226 3395 so·
1285 3385 1291 3392 .

213 3437 289 3496 cium
307 3431 407 3494 habuit
425 3435 502 3514 rogia
522 3433 879 3516 scientiarumAcadcmia
898 3433 1086 3516 parisiensis,
1102 3447 1132 3493 et
1150 3437 1228 3514 regia

212 3538 320 3619 pariter
338 3536 541 3610 scientiarum,
558 3534 715 3595 litterarum
729 3543 764 3594 'ct
782 3535 887 3595 artium
904 3533 1059 3596 Academia
1069 3538 1229 3619 pumviua,

212 3650 307 3728 ipsum
325 3642 413 3726 jactat
431 3663 514 3704 suum
530 3641 730 3715 bononiensis,
750 3662 836 3722 quam
855 3641 1019 3704 institutum
1037 3659 1161 3718 vocant,
1178 3666 1226 3706 ra·

212 3752 396 3817 veonateusis
417 3764 446 3814 ct
465 3749 604 3810 utinensis
618 3749 756 3824 „Passim
774 3748 806 3808 in
827 3749 1036 3813 Commentario
1051 3751 1103 3814 cit.

253 3861 303 3940 (2)
324 3857 434 3920 Ibidem
454 3880 519 3941 pag.
545 3861 609 3919 160.
885 3917 888 3922 r

255 3968 303 4052 (ὅ)
325 3966 385 4026 Die
404 3967 443 4029 25
463 3965 677 4064 Augustiana.
701 3987 775 4050 ¹777
796 3965 1058 4030 (lamentanda
1079 3971 1235 4054 pap-²137·

491 4068 534 4147 19
1165 4063 1168 4070 ’
1197 4081 1201 4086 ·
