3259 4959
549 390 667 439 socom
688 389 894 439 racemum
1170 367 1235 445 125

213 517 303 584 nnsis
323 515 418 584 rebus
438 528 472 582 et
487 513 667 604 implicatis
695 528 763 586 tam
776 512 868 586 'clare
887 511 1075 602 scripsisset
1100 537 1139 586 ac
1164 533 1234 593 tarn

215 634 396 702 concinne.

258 754 310 818 Ita
332 774 424 821 suam
451 750 538 822 hanc
564 749 707 821 Jacohus
733 749 872 820 ornabat
898 739 1028 842 egregie
1055 749 1230 841 Spartam,

212 890 312 956 qrram
332 865 460 934 dimisit
473 865 535 932 suh
553 865 688 935 initium
707 864 785 932 anni
809 864 896 955 1740
914 887 990 958 cum
1011 864 1130 934 eadem
1151 862 1230 933 iuis,

212 1000 263 1060 cet
290 981 538 1072 metaphysicae
565 982 779 1056 consociata.
810 983 905 1050 Tunc
940 998 1072 1054 senatus
1102 983 1233 1052 decreto

212 1100 355 1170 seribere
369 1099 476 1194 jussus
495 1116 546 1168 est
564 1099 900 1190 pataviniGymnasii
920 1099 1116 1186 historiam,
1132 1122 1233 1190 quam

213 1237 311 1290 antea
329 1217 505 1306 scripserat
530 1218 758 1307 Papadopolus
779 1271 787 1285 .
815 1223 895 1290 Erat
919 1217 981 1287 hoo
1000 1242 1079 1287 sane
1095 1239 1236 1309 magnae

214 1331 418 1405 difficultatis
437 1331 627 1420 negotium,
648 1345 718 1398 tum
738 1333 816 1421 quia
836 1331 981 1421 plurima
1002 1331 1137 1400 deerant
1161 1355 1235 1400 mo-

214 1460 392 1528 numenta,
409 1450 483 1512 tum
502 1442 579 1532 quia
608 1442 712 1511 multa
731 1465 773 1510 cx
793 1443 856 1526 iis,
877 1465 961 1533 quac
978 1467 1043 1512 non
1072 1443 1228 1528 deerant,

215 1580 309 1632 erant
329 1579 396 1633 tam
416 1563 560 1646 incerta,
580 1561 733 1645 confusa,
759 1561 917 1652 ambigua
927 1613 939 1651 ,
961 1577 997 1630 ut
1017 1561 1143 1631 nullam
1175 1559 1234 1656 de-

217 1692 366 1768 tegerent
385 1676 426 1752 ad
447 1699 559 1744 verum
578 1675 689 1743 riam.

265 1791 354 1859 Hinc
372 1791 430 1859 ille
449 1789 560 1879 coepit
586 1789 752 1880 undique,
772 1811 996 1880 quascumque
1017 1788 1144 1882 potuit,
1167 1811 1235 1858 me·

216 1910 339 1978 morias
358 1909 487 1998 legere,
510 1906 690 1998 exquibus
711 1908 846 1976 duceret
862 1933 945 1999 quae
965 1924 1081 1999 postea
1109 1906 1235 1976 scrihe-

218 2039 289 2107 rct,
308 2047 350 2092 no
369 2021 550 2092 divinando
567 2036 733 2090 narraret.
748 2021 823 2090 Suis
843 2022 917 2110 ipse
936 2023 1097 2113 impensis
1116 2021 1236 2093 incus.

217 2141 269 2208 xit
288 2142 509 2224 tabularium,
529 2155 600 2207 turn
619 2161 656 2205 se
679 2138 722 2205 ad
741 2140 941 2207 exarandam
960 2139 1134 2208 historiam
1158 2163 1235 2208 con-

217 2255 316 2322 tulit.
336 2255 413 2324 Non
433 2251 666 2321 resumendum
686 2266 721 2318 et
747 2250 1006 2322 continuandum
1038 2253 1172 2324 alterius
1199 2249 1247 2320 ο.Ἰ

218 2387 301 2454 pus,
321 2366 381 2434 sed
400 2387 470 2433 rem
490 2386 533 2432 ex
550 2363 678 2451 integro
697 2361 908 2432 reficiendam
928 2365 1077 2454 putavit,
1097 2385 1247 2455 eamque·

220 2483 371 2574 expediit
390 2506 450 2572 per
471 2481 631 2571 quosdam
652 2481 752 2550 veluti
768 2481 890 2568 fastos,
903 2481 946 2552 ah
965 2506 1078 2552 eorum
1097 2481 1233 2576 regimi-

220 2625 262 2671 ne
282 2603 396 2671 ductos
405 2653 416 2688 ,
429 2600 486 2692 qui
499 2600 709 2670 studentibus
723 2601 855 2693 praefici
877 2603 983 2672 solent
1002 2603 1037 2672 in
1057 2626 1158 2674 annos
1172 2601 1242 2671 sin«¹

220 2715 336 2804 gulos.
726 2696 730 2704 ι

230 2883 235 2889 -
265 2836 315 2904 Ac
334 2835 478 2926 primurn
513 2836 648 2928 quidem
681 2839 793 2910 edidit
815 2857 950 2930 sumptu
980 2865 1039 2910 suo
1069 2823 1246 2911 duodecim¹
1317 2929 1322 2934 Ι

219 2953 347 3024 erudita
365 2971 596 3046 syntagmata,
613 2959 702 3028 unde
722 2960 822 3030 totius
837 2961 996 3031 historiae
1009 2979 1141 3052 caperet
1159 2987 1236 3053 qua·

219 3068 248 3138 ai
269 3091 365 3137 omen
381 3070 464 3139 ‚His
482 3087 586 3140 totam
597 3072 781 3161 Gymnasii
802 3075 985 3160 rationem,
998 3077 1157 3167 originem
1169 3129 1179 3160 ,
1191 3076 1242 3144 ina

221 3181 353 3265 saltata,
370 3183 461 3273 leges
479 3201 514 3254 ct
533 3208 669 3256 munera
693 3187 876 3278 explicuit,
897 3189 975 3259 dein
1005 3187 1106 3258 fastos
1130 3203 1239 3279 protus

219 3297 279 3381 lit,
298 3299 357 3368 uhi
374 3302 410 3369 in
429 3303 542 3373 multis
560 3304 709 3395 pleniora
728 3308 978 3396 desiderantur,
995 3309 1171 3402 aliquando
1191 3327 1237 3380 ets

221 3418 289 3486 iarn
318 3418 470 3506 mitiora3
498 3445 678 3513 numquam
709 3442 821 3494 tamen
855 3427 1039 3518 elegantia,
1067 3445 1101 3497 et
1128 3429 1243 3520 expris‘

221 3532 334 3601 mendi
353 3555 503 3623 quaeque
522 3533 665 3605 facilitas
684 3555 719 3606 et
738 3537 870 3608 ubertas
891 3539 1085 3629 verborum3
1105 3564 1147 3610 ex
1174 3551 1244 3632 quo

221 3645 279 3730 fir,
304 3663 340 3714 ut
358 3665 489 3716 coactus
508 3649 625 3719 cadem
646 3651 699 3722 vel
719 3651 844 3720 centies
864 3653 999 3740 dicere,
1026 3654 1164 3724 mirifice
1188 3653 1243 3723 di«

218 3763 372 3832 ctionem
393 3766 517 3854 variet,
547 3784 581 3838 et
604 3771 721 3840 eadern
737 3771 828 3842 dicat
843 3797 974 3866 semper
995 3773 1130 3867 quidem
1146 3787 1221 3864 apte
1228 3783 1245 3860 ,¹

221 3879 319 3956 prodo
339 3901 416 3958 vcro
436 3905 500 3949 non
511 3884 619 3973 plane
637 3885 777 3964 eodem.

267 3994 363 4072 Anrro
383 3995 530 4073 tamdem
552 3999 638 4097 1755
656 4003 708 4070 IX
726 4001 798 4078 Gal.
818 4002 954 4075 Sextilis
974 3989 1168 4085 missionem
1186 4005 1245 4102 ΡΘ(
