3259 4959
388 331 455 426 ¹44
862 342 948 398 rtet

379 479 488 548 minet
506 498 582 547 aere
600 469 867 565 exquisitumque
888 447 1073 560 iudicium.
1095 467 1247 540 Facunda
1270 466 1375 538 oratio
1386 518 1397 552 ,

379 594 527 680 erudita,
546 608 662 663 ornata
681 643 692 676 ,
710 588 811 680 plena
829 585 955 656 roboria
978 609 1233 678 nervorumque.

426 707 576 797 Lipsiam
591 703 721 774 delatae
732 700 915 786 orationes,
925 698 1186 771 academicorum
1196 697 1329 770 illorum
1345 721 1397 768 ae·

388 834 534 893 euramm
565 813 697 884 subiere
727 835 899 884 sensuram
931 836 1019 883 anno
1048 813 1145 906 ¹74¹·
1171 813 1315 884 Easdem
1342 837 1404 904 ap.

386 936 513 1031 pellunt
538 931 701 1003 eximium
725 925 926 1002 eruditionis
954 939 1057 1018 atque
1076 929 1263 1021 facundiae
1283 955 1401 1000 monn-

377 1055 544 1119 mentum.
565 1045 670 1137 Ajunt
688 1043 778 1134 ipsas
798 1039 964 1134 insignem
982 1041 1199 1136 elegantioris
1222 1039 1400 1114 litterate-⁹

379 1184 438 1232 roe
454 1157 681 1254 cognitionem
696 1153 859 1248 prodere,
883 1179 921 1225 ao
940 1155 1019 1224 lioet
1038 1155 1073 1223 in
1091 1155 1233 1247 singulis
1243 1155 1397 1246 partibus

381 1273 428 1346 nd
453 1295 591 1342 nrrreum
614 1268 703 1340 iilud
728 1266 915 1337 latinitatis
930 1267 1101 1340 saeculum
1122 1293 1189 1338 non
1214 1267 1397 1360 accedant,

380 1390 491 1462 eidem
505 1402 618 1460 tornen
638 1385 743 1458 videri
755 1384 946 1477 proximum
959 1409 1137 1480 earumque
1154 1405 1318 1458 auctorem
1330 1387 1399 1457 cln-

378 1502 547 1574 rr'ssr'nutm
566 1509 602 1571 et
630 1496 936 1591 eloquentissimum
954 1500 1068 1570 dieunt
1087 1501 1159 1594 (1).
1179 1505 1270 1573 Haeo
1296 1525 1396 1594 gene„
1438 1489 1443 1496 ’

379 1621 480 1711 ratim
504 1621 546 1692 de
573 1620 728 1691 omnibus
744 1671 753 1686 .
771 1621 860 1688 Tum
888 1617 1034 1712 singulas
1064 1621 1304 1712 expendentes,
1332 1621 1395 1690 ali.

380 1741 575 1830 quantulum
603 1738 827 1832 perstringunt
852 1737 1008 1808 orationis
1036 1739 1198 1808 secundae
1220 1755 1396 1830 argumen-

379 1871 471 1945 tum,
490 1859 577 1950 quod
596 1873 648 1929 eat
666 1842 914 1954 hujusmodiso
938 1858 1058 1928 Omnis
1076 1857 1282 1950 eloquentiae
1300 1859 1372 1932 laus
1382 1913 1395 1948 ,

379 2006 398 2042 e
421 1994 456 2047 et
473 1978 600 2070 ingenii
620 1977 814 2063 admiratio,
834 1955 899 2076 rison
917 1975 952 2045 in
971 1977 1073 2047 latine
1090 1993 1125 2046 et
1143 1976 1259 2068 plane,
1279 1978 1337 2048 aed
1356 1980 1392 2048 in
1433 1955 1437 1968 ⁴

380 2127 400 2164 e
423 2113 536 2166 ornate
555 2095 694 2166 dicendo
712 2097 820 2186 posita
841 2081 895 2190 'est
910 2127 951 2164 n.
973 2097 1065 2164 llaec
1080 2092 1260 2188 propositio
1280 2095 1295 2186 (
1313 2095 1396 2164 sub.

376 2209 497 2306 j'icinnt
515 2211 581 2301 ipsi
600 2212 615 2301 )
634 2208 745 2300 quelis
764 2208 821 2280 luis
838 2193 909 2296 est,
927 2205 1138 2295 dubitamus,
1157 2233 1202 2277 an
1220 2205 1264 2278 ab
1282 2207 1393 2279 omni.

378 2321 441 2396 bus
455 2323 635 2418 probetur.
655 2325 797 2397 Possunt
817 2321 908 2394 enim
926 2322 1061 2393 omnino
1079 2320 1301 2394 ornatissimis
1317 2343 1394 2390 ver-

379 2439 435 2513 tis
451 2441 618 2513 maximoe
635 2465 745 2533 nugae
760 2439 900 2534 proponi
918 2441 992 2532 (n)
1013 2442 1068 2513 Sio
1086 2440 1152 2514 illi.

325 2590 328 2596 ·
424 2555 553 2624 Verum
573 2559 587 2644 (
608 2554 718 2623 dicam
738 2552 826 2624 bona
854 2568 1019 2624 tantorum
1042 2555 1186 2626 virorum
1204 2555 1330 2648 venia)
1350 2577 1390 2626 ea

375 2673 528 2746 videntur
538 2671 603 2768 ipsi
616 2670 782 2758 dividere,
795 2695 879 2764 quae
898 2671 1045 2761 sejuncta
1056 2695 1128 2744 ease
1146 2699 1212 2744 non
1230 2689 1363 2766 possunt
1379 2729 1389 2752 .

377 2789 472 2876 Quae
488 2787 578 2856 enim
593 2785 739 2858 tamdem
754 2802 831 2856 sunt
849 2784 930 2854 haee
949 2784 1048 2856 verba
1062 2786 1295 2874 ornatissimo,
1307 2809 1392 2877 quae

379 2900 632 3003 exprimant,et
649 2901 841 2970 contineant
860 2899 986 2989 nugae?
1008 2901 1098 2970 Haec
1117 2901 1160 2969 ab
1179 2901 1315 2972 Horatio
1335 2901 1390 2991 (5)

378 3016 586 3110 appellantur
612 3040 756 3087 canorae
781 3038 914 3111 nugae,
942 3039 1007 3084 non
1034 3034 1184 3088 ornatae.
1212 3017 1390 3086 Latissime

379 3153 475 3222 porro
494 3128 637 3220 pertinet
654 3132 696 3205 vi
713 3139 831 3200 ornate
841 3182 852 3216 ,
872 3129 960 3220 quod
979 3131 1145 3222 proprium
1164 3145 1214 3198 est
1232 3129 1389 3202 oratoris.

378 3247 507 3320 Tullius
534 3248 661 3338 optime
688 3249 803 3320 definit
831 3249 981 3342 ejusdem
1001 3249 1088 3322 vim.
1112 3249 1215 3338 Quem
1239 3243 1389 3318 homines

380 3366 397 3453 (
417 3364 465 3438 rio
481 3365 542 3438 ille
558 3366 737 3460 interrogat
757 3368 773 3459 )
789 3367 971 3460 stupefacti
993 3365 1161 3440 dicentem
1186 3358 1389 3438 intuentur?

722 3601 1054 3634 mmm

421 3768 471 3845 (t)
490 3763 578 3831 Nora
596 3781 659 3830 aeta
679 3765 873 3842 eruditorum,
893 3786 960 3832 aun.
983 3769 1054 3848 ¹74¹
1077 3783 1141 3848 pag.
1160 3764 1228 3846 478.

423 3873 474 3954 (a)
493 3873 623 3937 Ibidem.

423 3979 473 4063 (5)
494 3980 543 4040 De
561 3991 622 4040 arte
639 3991 716 4062 poet
737 3997 766 4042 r.
787 3977 856 4040 522.
