<?xml version="1.0" encoding="UTF-8"?>
<!DOCTYPE html PUBLIC "-//W3C//DTD XHTML 1.0 Transitional//EN"
    "http://www.w3.org/TR/xhtml1/DTD/xhtml1-transitional.dtd">
<html xmlns="http://www.w3.org/1999/xhtml" xml:lang="en" lang="en">
 <head>
  <title>
</title>
<meta http-equiv="Content-Type" content="text/html;charset=utf-8" />
  <meta name='ocr-system' content='tesseract 3.04.00' />
  <meta name='ocr-capabilities' content='ocr_page ocr_carea ocr_par ocr_line ocrx_word'/>
</head>
<body>
  <div class='ocr_page' id='page_1' title='image "./vitaevirorumill00ferrgoog_0286.png"; bbox 0 0 3259 4959; ppageno 0'>
   <div class='ocr_carea' id='block_1_1' title="bbox 385 296 933 372">
    <p class='ocr_par' dir='ltr' id='par_1_1' title="bbox 385 296 933 372">
     <span class='ocr_line' id='line_1_1' title="bbox 385 296 933 372; baseline -0.002 -10"><span class='ocrx_word' id='word_1_1' title='bbox 385 296 453 372; x_wconf 75' lang='lat'><strong>238</strong></span> <span class='ocrx_word' id='word_1_2' title='bbox 849 314 933 363; x_wconf 76' lang='lat' dir='ltr'><strong>orna</strong></span> 
     </span>
    </p>
   </div>
   <div class='ocr_carea' id='block_1_2' title="bbox 383 427 1402 1113">
    <p class='ocr_par' dir='ltr' id='par_1_2' title="bbox 383 427 1400 761">
     <span class='ocr_line' id='line_1_2' title="bbox 383 427 1398 528; baseline -0.002 -19"><span class='ocrx_word' id='word_1_3' title='bbox 383 434 578 522; x_wconf 80' lang='lat' dir='ltr'><strong>silvestris,</strong></span> <span class='ocrx_word' id='word_1_4' title='bbox 603 432 690 528; x_wconf 88' lang='lat' dir='ltr'><strong>apud</strong></span> <span class='ocrx_word' id='word_1_5' title='bbox 718 456 816 525; x_wconf 88' lang='lat' dir='ltr'><strong>quern</strong></span> <span class='ocrx_word' id='word_1_6' title='bbox 846 434 963 502; x_wconf 89' lang='lat' dir='ltr'><strong>eadem</strong></span> <span class='ocrx_word' id='word_1_7' title='bbox 991 427 1151 503; x_wconf 83' lang='lat' dir='ltr'><strong>remansit</strong></span> <span class='ocrx_word' id='word_1_8' title='bbox 1169 431 1297 504; x_wconf 84' lang='lat' dir='ltr'><strong>inedita</strong></span> <span class='ocrx_word' id='word_1_9' title='bbox 1321 454 1398 507; x_wconf 85' lang='lat' dir='ltr'><strong>cunt</strong></span> 
     </span>
     <span class='ocr_line' id='line_1_3' title="bbox 384 547 1400 645; baseline -0.002 -24"><span class='ocrx_word' id='word_1_10' title='bbox 384 550 533 645; x_wconf 90' lang='lat' dir='ltr'><strong>pluribus</strong></span> <span class='ocrx_word' id='word_1_11' title='bbox 552 549 628 621; x_wconf 82' lang='lat' dir='ltr'><strong>aliis</strong></span> <span class='ocrx_word' id='word_1_12' title='bbox 647 548 796 643; x_wconf 82' lang='lat' dir='ltr'><strong>ejusdem</strong></span> <span class='ocrx_word' id='word_1_13' title='bbox 814 547 967 639; x_wconf 81' lang='lat' dir='ltr'><strong>scriptis,</strong></span> <span class='ocrx_word' id='word_1_14' title='bbox 980 547 1118 617; x_wconf 88' lang='lat' dir='ltr'><strong>eruditis</strong></span> <span class='ocrx_word' id='word_1_15' title='bbox 1137 549 1312 641; x_wconf 83' lang='lat' dir='ltr'>praecipue</span> <span class='ocrx_word' id='word_1_16' title='bbox 1325 551 1400 641; x_wconf 83' lang='lat' dir='ltr'><strong>epi·</strong></span> 
     </span>
     <span class='ocr_line' id='line_1_4' title="bbox 386 670 575 761; baseline -0.016 -21"><span class='ocrx_word' id='word_1_17' title='bbox 386 670 481 740; x_wconf 85' lang='lat' dir='ltr'><strong>stolis</strong></span> <span class='ocrx_word' id='word_1_18' title='bbox 501 671 516 761; x_wconf 93' lang='lat'>(</span> <span class='ocrx_word' id='word_1_19' title='bbox 522 670 575 761; x_wconf 84' lang='lat'><strong>1).</strong></span> 
     </span>
    </p>

    <p class='ocr_par' dir='ltr' id='par_1_3' title="bbox 385 776 1402 1113">
     <span class='ocr_line' id='line_1_5' title="bbox 428 776 1402 875; baseline -0.001 -24"><span class='ocrx_word' id='word_1_20' title='bbox 428 784 507 852; x_wconf 88' lang='lat' dir='ltr'><strong>Post</strong></span> <span class='ocrx_word' id='word_1_21' title='bbox 524 779 705 853; x_wconf 87' lang='lat' dir='ltr'><strong>sacerdotio</strong></span> <span class='ocrx_word' id='word_1_22' title='bbox 725 780 792 875; x_wconf 79' lang='lat' dir='ltr'><strong>jam</strong></span> <span class='ocrx_word' id='word_1_23' title='bbox 816 776 967 849; x_wconf 81' lang='lat' dir='ltr'><strong>initiatus</strong></span> <span class='ocrx_word' id='word_1_24' title='bbox 984 794 1020 849; x_wconf 90' lang='lat' dir='ltr'><strong>et</strong></span> <span class='ocrx_word' id='word_1_25' title='bbox 1045 778 1187 849; x_wconf 88' lang='lat' dir='ltr'><strong>doctoris</strong></span> <span class='ocrx_word' id='word_1_26' title='bbox 1210 780 1321 850; x_wconf 82' lang='lat' dir='ltr'><strong>laurea</strong></span> <span class='ocrx_word' id='word_1_27' title='bbox 1348 781 1402 850; x_wconf 89' lang='lat' dir='ltr'><strong>in·</strong></span> 
     </span>
     <span class='ocr_line' id='line_1_6' title="bbox 385 895 1399 992; baseline -0.001 -23"><span class='ocrx_word' id='word_1_28' title='bbox 385 899 692 992; x_wconf 82' lang='lat' dir='ltr'><strong>signitur,rlcelum</strong></span> <span class='ocrx_word' id='word_1_29' title='bbox 711 922 747 969; x_wconf 88' lang='lat' dir='ltr'><strong>se</strong></span> <span class='ocrx_word' id='word_1_30' title='bbox 766 899 927 983; x_wconf 89' lang='lat' dir='ltr'><strong>contulit,</strong></span> <span class='ocrx_word' id='word_1_31' title='bbox 946 912 984 967; x_wconf 90' lang='lat' dir='ltr'><strong>ut</strong></span> <span class='ocrx_word' id='word_1_32' title='bbox 1001 896 1050 967; x_wconf 92' lang='lat' dir='ltr'><strong>ibi</strong></span> <span class='ocrx_word' id='word_1_33' title='bbox 1069 895 1257 989; x_wconf 79' lang='lat' dir='ltr'><strong>fungeretur</strong></span> <span class='ocrx_word' id='word_1_34' title='bbox 1272 898 1399 990; x_wconf 84' lang='lat' dir='ltr'><strong>publici</strong></span> 
     </span>
     <span class='ocr_line' id='line_1_7' title="bbox 385 1014 1398 1113; baseline 0 -26"><span class='ocrx_word' id='word_1_35' title='bbox 385 1018 607 1113; x_wconf 86' lang='lat' dir='ltr'><strong>praeceptoris</strong></span> <span class='ocrx_word' id='word_1_36' title='bbox 626 1016 752 1103; x_wconf 78' lang='lat' dir='ltr'><strong>officio,</strong></span> <span class='ocrx_word' id='word_1_37' title='bbox 771 1017 859 1109; x_wconf 91' lang='lat' dir='ltr'><strong>quod</strong></span> <span class='ocrx_word' id='word_1_38' title='bbox 887 1016 939 1087; x_wconf 92' lang='lat' dir='ltr'><strong>illi</strong></span> <span class='ocrx_word' id='word_1_39' title='bbox 963 1014 1069 1087; x_wconf 78' lang='lat' dir='ltr'><strong>luerat</strong></span> <span class='ocrx_word' id='word_1_40' title='bbox 1088 1015 1259 1088; x_wconf 86' lang='lat' dir='ltr'><strong>oblatum.</strong></span> <span class='ocrx_word' id='word_1_41' title='bbox 1288 1021 1398 1109; x_wconf 83' lang='lat' dir='ltr'><strong>Quam</strong></span> 
     </span>
    </p>
   </div>
   <div class='ocr_carea' id='block_1_3' title="bbox 385 1135 1400 1341">
    <p class='ocr_par' dir='ltr' id='par_1_4' title="bbox 385 1135 1400 1341">
     <span class='ocr_line' id='line_1_8' title="bbox 386 1135 1400 1231; baseline -0.002 -24"><span class='ocrx_word' id='word_1_42' title='bbox 386 1156 495 1231; x_wconf 77' lang='lat' dir='ltr'><strong>gratus</strong></span> <span class='ocrx_word' id='word_1_43' title='bbox 514 1136 642 1207; x_wconf 87' lang='lat' dir='ltr'><strong>civibus</strong></span> <span class='ocrx_word' id='word_1_44' title='bbox 660 1136 704 1209; x_wconf 91' lang='lat' dir='ltr'><strong>iis</strong></span> <span class='ocrx_word' id='word_1_45' title='bbox 724 1136 881 1206; x_wconf 90' lang='lat' dir='ltr'><strong>acciderit</strong></span> <span class='ocrx_word' id='word_1_46' title='bbox 898 1136 1037 1206; x_wconf 87' lang='lat' dir='ltr'><strong>Joannis</strong></span> <span class='ocrx_word' id='word_1_47' title='bbox 1066 1135 1249 1221; x_wconf 83' lang='lat' dir='ltr'><strong>adventus,</strong></span> <span class='ocrx_word' id='word_1_48' title='bbox 1274 1136 1400 1228; x_wconf 58' lang='lat' dir='ltr'><strong>colligis</strong></span> 
     </span>
     <span class='ocr_line' id='line_1_9' title="bbox 385 1247 1398 1341; baseline 0 -20"><span class='ocrx_word' id='word_1_49' title='bbox 385 1275 460 1321; x_wconf 87' lang='lat' dir='ltr'><strong>mus</strong></span> <span class='ocrx_word' id='word_1_50' title='bbox 480 1276 554 1321; x_wconf 88' lang='lat' dir='ltr'><strong>cum</strong></span> <span class='ocrx_word' id='word_1_51' title='bbox 575 1251 780 1341; x_wconf 84' lang='lat' dir='ltr'><strong>exipsorum</strong></span> <span class='ocrx_word' id='word_1_52' title='bbox 800 1249 959 1339; x_wconf 77' lang='lat' dir='ltr'><strong>peculiari</strong></span> <span class='ocrx_word' id='word_1_53' title='bbox 978 1248 1014 1317; x_wconf 91' lang='lat' dir='ltr'><strong>in</strong></span> <span class='ocrx_word' id='word_1_54' title='bbox 1034 1271 1110 1318; x_wconf 89' lang='lat' dir='ltr'><strong>eum</strong></span> <span class='ocrx_word' id='word_1_55' title='bbox 1131 1247 1339 1319; x_wconf 86' lang='lat' dir='ltr'><strong>observantia</strong></span> <span class='ocrx_word' id='word_1_56' title='bbox 1359 1276 1398 1321; x_wconf 90' lang='lat' dir='ltr'><strong>ac</strong></span> 
     </span>
    </p>
   </div>
   <div class='ocr_carea' id='block_1_4' title="bbox 313 1365 1401 2636">
    <p class='ocr_par' dir='ltr' id='par_1_5' title="bbox 313 1365 1401 2393">
     <span class='ocr_line' id='line_1_10' title="bbox 386 1365 1399 1460; baseline -0.001 -22"><span class='ocrx_word' id='word_1_57' title='bbox 386 1370 515 1454; x_wconf 83' lang='lat' dir='ltr'><strong>studio,</strong></span> <span class='ocrx_word' id='word_1_58' title='bbox 535 1385 605 1437; x_wconf 87' lang='lat' dir='ltr'><strong>turn</strong></span> <span class='ocrx_word' id='word_1_59' title='bbox 624 1391 666 1437; x_wconf 83' lang='lat' dir='ltr'><strong>ex</strong></span> <span class='ocrx_word' id='word_1_60' title='bbox 684 1367 848 1460; x_wconf 75' lang='lat' dir='ltr'><strong>assignato</strong></span> <span class='ocrx_word' id='word_1_61' title='bbox 866 1365 975 1435; x_wconf 89' lang='lat' dir='ltr'><strong>cidem</strong></span> <span class='ocrx_word' id='word_1_62' title='bbox 996 1388 1103 1435; x_wconf 88' lang='lat' dir='ltr'><strong>annuo</strong></span> <span class='ocrx_word' id='word_1_63' title='bbox 1123 1366 1291 1455; x_wconf 87' lang='lat' dir='ltr'><strong>stipendio</strong></span> <span class='ocrx_word' id='word_1_64' title='bbox 1302 1368 1399 1437; x_wconf 87' lang='lat' dir='ltr'><strong>valde</strong></span> 
     </span>
     <span class='ocr_line' id='line_1_11' title="bbox 385 1483 1399 1575; baseline -0.002 -19"><span class='ocrx_word' id='word_1_65' title='bbox 385 1486 581 1557; x_wconf 86' lang='lat' dir='ltr'><strong>honorifico.</strong></span> <span class='ocrx_word' id='word_1_66' title='bbox 601 1486 739 1555; x_wconf 76' lang='lat' dir='ltr'>Constat</span> <span class='ocrx_word' id='word_1_67' title='bbox 755 1485 792 1555; x_wconf 90' lang='lat' dir='ltr'><strong>id</strong></span> <span class='ocrx_word' id='word_1_68' title='bbox 819 1508 861 1555; x_wconf 79' lang='lat' dir='ltr'><strong>ex</strong></span> <span class='ocrx_word' id='word_1_69' title='bbox 885 1483 1028 1575; x_wconf 80' lang='lat' dir='ltr'><strong>quadam</strong></span> <span class='ocrx_word' id='word_1_70' title='bbox 1055 1483 1196 1575; x_wconf 78' lang='lat' dir='ltr'><strong>epistola</strong></span> <span class='ocrx_word' id='word_1_71' title='bbox 1214 1485 1269 1575; x_wconf 81' lang='lat' dir='ltr'><strong>(a)</strong></span> <span class='ocrx_word' id='word_1_72' title='bbox 1292 1484 1399 1575; x_wconf 82' lang='lat' dir='ltr'><strong>ipsius</strong></span> 
     </span>
     <span class='ocr_line' id='line_1_12' title="bbox 385 1600 1399 1677; baseline -0.004 0"><span class='ocrx_word' id='word_1_73' title='bbox 385 1606 504 1677; x_wconf 84' lang='lat' dir='ltr'><strong>Olirae</strong></span> <span class='ocrx_word' id='word_1_74' title='bbox 523 1605 566 1675; x_wconf 85' lang='lat' dir='ltr'><strong>ad</strong></span> <span class='ocrx_word' id='word_1_75' title='bbox 581 1603 840 1673; x_wconf 83' lang='lat' dir='ltr'><strong>eurditissimum</strong></span> <span class='ocrx_word' id='word_1_76' title='bbox 855 1602 962 1672; x_wconf 63' lang='lat' dir='ltr'><strong>mum</strong></span> <span class='ocrx_word' id='word_1_77' title='bbox 982 1602 1163 1673; x_wconf 82' lang='lat' dir='ltr'><strong>Camillum</strong></span> <span class='ocrx_word' id='word_1_78' title='bbox 1178 1604 1336 1673; x_wconf 87' lang='lat' dir='ltr'><strong>comitem</strong></span> <span class='ocrx_word' id='word_1_79' title='bbox 1355 1600 1399 1674; x_wconf 88' lang='lat' dir='ltr'><strong>de</strong></span> 
     </span>
     <span class='ocr_line' id='line_1_13' title="bbox 385 1706 1395 1814; baseline -0.004 -19"><span class='ocrx_word' id='word_1_80' title='bbox 385 1720 570 1806; x_wconf 49' lang='lat' dir='ltr'><strong>Silvestri&#39;m</strong></span> <span class='ocrx_word' id='word_1_81' title='bbox 597 1739 749 1813; x_wconf 85' lang='lat' dir='ltr'><strong>patruum</strong></span> <span class='ocrx_word' id='word_1_82' title='bbox 773 1724 990 1813; x_wconf 82' lang='lat' dir='ltr'><strong>Hieronymi,</strong></span> <span class='ocrx_word' id='word_1_83' title='bbox 1017 1723 1060 1792; x_wconf 89' lang='lat' dir='ltr'><strong>de</strong></span> <span class='ocrx_word' id='word_1_84' title='bbox 1088 1746 1153 1814; x_wconf 90' lang='lat' dir='ltr'><strong>quo</strong></span> <span class='ocrx_word' id='word_1_85' title='bbox 1173 1706 1270 1814; x_wconf 68' lang='lat' dir='ltr'><strong>paulo</strong></span> <span class='ocrx_word' id='word_1_86' title='bbox 1297 1740 1395 1794; x_wconf 84' lang='lat' dir='ltr'><strong>ante.</strong></span> 
     </span>
     <span class='ocr_line' id='line_1_14' title="bbox 385 1830 1399 1928; baseline 0.004 -25"><span class='ocrx_word' id='word_1_87' title='bbox 385 1838 479 1904; x_wconf 76' lang='lat' dir='ltr'><strong>Tunc</strong></span> <span class='ocrx_word' id='word_1_88' title='bbox 498 1834 555 1904; x_wconf 93' lang='lat' dir='ltr'><strong>ille</strong></span> <span class='ocrx_word' id='word_1_89' title='bbox 575 1834 684 1923; x_wconf 83' lang='lat' dir='ltr'><strong>coepit</strong></span> <span class='ocrx_word' id='word_1_90' title='bbox 702 1830 859 1903; x_wconf 84' lang='lat' dir='ltr'><strong>traditum</strong></span> <span class='ocrx_word' id='word_1_91' title='bbox 879 1834 945 1904; x_wconf 90' lang='lat' dir='ltr'><strong>sibi</strong></span> <span class='ocrx_word' id='word_1_92' title='bbox 964 1858 1084 1905; x_wconf 82' lang='lat' dir='ltr'><strong>munus</strong></span> <span class='ocrx_word' id='word_1_93' title='bbox 1102 1858 1234 1928; x_wconf 71' lang='lat' dir='ltr'><strong>urgere.</strong></span> <span class='ocrx_word' id='word_1_94' title='bbox 1255 1836 1333 1905; x_wconf 90' lang='lat' dir='ltr'><strong>Non</strong></span> <span class='ocrx_word' id='word_1_95' title='bbox 1351 1852 1399 1907; x_wconf 80' lang='lat' dir='ltr'><strong>ta-</strong></span> 
     </span>
     <span class='ocr_line' id='line_1_15' title="bbox 378 1947 1400 2041; baseline 0.004 -24"><span class='ocrx_word' id='word_1_96' title='bbox 378 1970 462 2017; x_wconf 48' lang='lat' dir='ltr'><strong>¹rnen</strong></span> <span class='ocrx_word' id='word_1_97' title='bbox 482 1948 528 2017; x_wconf 87' lang='lat' dir='ltr'><strong>ita</strong></span> <span class='ocrx_word' id='word_1_98' title='bbox 547 1947 766 2038; x_wconf 83' lang='lat' dir='ltr'>occupabatur</span> <span class='ocrx_word' id='word_1_99' title='bbox 782 1948 847 2019; x_wconf 89' lang='lat' dir='ltr'><strong>hoc</strong></span> <span class='ocrx_word' id='word_1_100' title='bbox 866 1972 953 2033; x_wconf 83' lang='lat' dir='ltr'><strong>uno,</strong></span> <span class='ocrx_word' id='word_1_101' title='bbox 967 1964 1004 2017; x_wconf 87' lang='lat' dir='ltr'><strong>ut</strong></span> <span class='ocrx_word' id='word_1_102' title='bbox 1021 1972 1086 2017; x_wconf 92' lang='lat' dir='ltr'><strong>non</strong></span> <span class='ocrx_word' id='word_1_103' title='bbox 1106 1966 1218 2041; x_wconf 86' lang='lat' dir='ltr'><strong>posset</strong></span> <span class='ocrx_word' id='word_1_104' title='bbox 1234 1949 1337 2019; x_wconf 88' lang='lat' dir='ltr'><strong>etiam</strong></span> <span class='ocrx_word' id='word_1_105' title='bbox 1355 1951 1400 2021; x_wconf 86' lang='lat' dir='ltr'><strong>ad</strong></span> 
     </span>
     <span class='ocr_line' id='line_1_16' title="bbox 386 2064 1400 2157; baseline 0.006 -24"><span class='ocrx_word' id='word_1_106' title='bbox 386 2066 453 2135; x_wconf 86' lang='lat' dir='ltr'><strong>alia</strong></span> <span class='ocrx_word' id='word_1_107' title='bbox 482 2064 701 2150; x_wconf 88' lang='lat' dir='ltr'><strong>incumbere,</strong></span> <span class='ocrx_word' id='word_1_108' title='bbox 721 2065 800 2156; x_wconf 77' lang='lat' dir='ltr'><strong>quia</strong></span> <span class='ocrx_word' id='word_1_109' title='bbox 829 2065 1017 2156; x_wconf 81' lang='lat' dir='ltr'><strong>propositae</strong></span> <span class='ocrx_word' id='word_1_110' title='bbox 1045 2065 1093 2135; x_wconf 90' lang='lat' dir='ltr'><strong>rei</strong></span> <span class='ocrx_word' id='word_1_111' title='bbox 1112 2064 1260 2135; x_wconf 75' lang='lat' dir='ltr'><strong>deesset.</strong></span> <span class='ocrx_word' id='word_1_112' title='bbox 1286 2069 1400 2157; x_wconf 81' lang='lat' dir='ltr'><strong>Quare</strong></span> 
     </span>
     <span class='ocr_line' id='line_1_17' title="bbox 386 2180 1401 2273; baseline 0.006 -24"><span class='ocrx_word' id='word_1_113' title='bbox 386 2180 501 2252; x_wconf 75' lang='lat' dir='ltr'><strong>statuit</strong></span> <span class='ocrx_word' id='word_1_114' title='bbox 519 2205 597 2252; x_wconf 82' lang='lat' dir='ltr'><strong>auae</strong></span> <span class='ocrx_word' id='word_1_115' title='bbox 615 2182 769 2253; x_wconf 72' lang='lat' dir='ltr'><strong>solertiae</strong></span> <span class='ocrx_word' id='word_1_116' title='bbox 787 2181 958 2273; x_wconf 85' lang='lat' dir='ltr'><strong>specimen</strong></span> <span class='ocrx_word' id='word_1_117' title='bbox 977 2182 1077 2253; x_wconf 81' lang='lat' dir='ltr'><strong>dare.</strong></span> <span class='ocrx_word' id='word_1_118' title='bbox 1095 2184 1157 2253; x_wconf 85' lang='lat' dir='ltr'><strong>Est</strong></span> <span class='ocrx_word' id='word_1_119' title='bbox 1179 2183 1272 2253; x_wconf 85' lang='lat' dir='ltr'><strong>euim</strong></span> <span class='ocrx_word' id='word_1_120' title='bbox 1295 2184 1401 2255; x_wconf 82' lang='lat' dir='ltr'><strong>maxi·</strong></span> 
     </span>
     <span class='ocr_line' id='line_1_18' title="bbox 313 2282 1137 2393; baseline 0.001 -24"><span class='ocrx_word' id='word_1_121' title='bbox 313 2282 322 2295; x_wconf 56' lang='lat'>¹</span> <span class='ocrx_word' id='word_1_122' title='bbox 382 2322 441 2371; x_wconf 85' lang='lat' dir='ltr'><strong>ma</strong></span> <span class='ocrx_word' id='word_1_123' title='bbox 460 2300 703 2371; x_wconf 78' lang='lat' dir='ltr'><strong>commendatio</strong></span> <span class='ocrx_word' id='word_1_124' title='bbox 721 2301 878 2372; x_wconf 84' lang='lat' dir='ltr'><strong>nobilitas</strong></span> <span class='ocrx_word' id='word_1_125' title='bbox 896 2301 1137 2393; x_wconf 73' lang='lat' dir='ltr'><strong>praeceptoris,</strong></span> 
     </span>
    </p>

    <p class='ocr_par' dir='ltr' id='par_1_6' title="bbox 431 2418 1400 2516">
     <span class='ocr_line' id='line_1_19' title="bbox 431 2418 1400 2516; baseline 0.009 -27"><span class='ocrx_word' id='word_1_126' title='bbox 431 2422 511 2489; x_wconf 84' lang='lat' dir='ltr'><strong>Erat</strong></span> <span class='ocrx_word' id='word_1_127' title='bbox 529 2419 616 2512; x_wconf 85' lang='lat' dir='ltr'><strong>apud</strong></span> <span class='ocrx_word' id='word_1_128' title='bbox 642 2418 758 2493; x_wconf 85' lang='lat' dir='ltr'><strong>Gallos</strong></span> <span class='ocrx_word' id='word_1_129' title='bbox 785 2437 820 2489; x_wconf 90' lang='lat' dir='ltr'><strong>et</strong></span> <span class='ocrx_word' id='word_1_130' title='bbox 847 2422 949 2491; x_wconf 83' lang='lat' dir='ltr'><strong>Italos</strong></span> <span class='ocrx_word' id='word_1_131' title='bbox 976 2446 1097 2516; x_wconf 75' lang='lat' dir='ltr'><strong>magno</strong></span> <span class='ocrx_word' id='word_1_132' title='bbox 1113 2422 1151 2492; x_wconf 91' lang='lat' dir='ltr'><strong>in</strong></span> <span class='ocrx_word' id='word_1_133' title='bbox 1169 2424 1275 2515; x_wconf 86' lang='lat' dir='ltr'><strong>pretio</strong></span> <span class='ocrx_word' id='word_1_134' title='bbox 1294 2424 1400 2508; x_wconf 79' lang='lat' dir='ltr'><strong>liber,</strong></span> 
     </span>
    </p>

    <p class='ocr_par' dir='ltr' id='par_1_7' title="bbox 385 2536 1400 2636">
     <span class='ocr_line' id='line_1_20' title="bbox 385 2536 1400 2636; baseline 0.008 -27"><span class='ocrx_word' id='word_1_135' title='bbox 385 2540 444 2633; x_wconf 87' lang='lat' dir='ltr'><strong>qni</strong></span> <span class='ocrx_word' id='word_1_136' title='bbox 473 2536 726 2610; x_wconf 88' lang='lat' dir='ltr'><strong>celeberrimum</strong></span> <span class='ocrx_word' id='word_1_137' title='bbox 750 2540 857 2611; x_wconf 86' lang='lat' dir='ltr'><strong>virum</strong></span> <span class='ocrx_word' id='word_1_138' title='bbox 885 2557 1051 2613; x_wconf 90' lang='lat' dir='ltr'><strong>auctorem</strong></span> <span class='ocrx_word' id='word_1_139' title='bbox 1083 2539 1185 2636; x_wconf 80' lang='lat' dir='ltr'><strong>jactat</strong></span> <span class='ocrx_word' id='word_1_140' title='bbox 1218 2542 1400 2617; x_wconf 82' lang='lat' dir='ltr'><strong>Claudium</strong></span> 
     </span>
    </p>
   </div>
   <div class='ocr_carea' id='block_1_5' title="bbox 330 2655 1400 3328">
    <p class='ocr_par' dir='ltr' id='par_1_8' title="bbox 330 2655 1400 3328">
     <span class='ocr_line' id='line_1_21' title="bbox 383 2655 1399 2754; baseline 0.006 -24"><span class='ocrx_word' id='word_1_141' title='bbox 383 2658 506 2749; x_wconf 61' lang='lat' dir='ltr'><strong>fleury</strong></span> <span class='ocrx_word' id='word_1_142' title='bbox 525 2709 533 2725; x_wconf 92' lang='lat'><strong>.</strong></span> <span class='ocrx_word' id='word_1_143' title='bbox 564 2655 643 2751; x_wconf 80' lang='lat' dir='ltr'><strong>Ejus</strong></span> <span class='ocrx_word' id='word_1_144' title='bbox 662 2657 776 2730; x_wconf 87' lang='lat' dir='ltr'><strong>titulus</strong></span> <span class='ocrx_word' id='word_1_145' title='bbox 795 2658 843 2729; x_wconf 89' lang='lat' dir='ltr'><strong>ita</strong></span> <span class='ocrx_word' id='word_1_146' title='bbox 862 2658 981 2752; x_wconf 77' lang='lat' dir='ltr'><strong>gallico</strong></span> <span class='ocrx_word' id='word_1_147' title='bbox 999 2684 1152 2732; x_wconf 76' lang='lat' dir='ltr'><strong>sermone</strong></span> <span class='ocrx_word' id='word_1_148' title='bbox 1180 2663 1399 2754; x_wconf 76' lang='lat' dir='ltr'><strong>exprimiturr</strong></span> 
     </span>
     <span class='ocr_line' id='line_1_22' title="bbox 330 2768 1398 2849; baseline 0.01 -11"><span class='ocrx_word' id='word_1_149' title='bbox 330 2788 334 2795; x_wconf 87' lang='grc'><em>“</em></span> <span class='ocrx_word' id='word_1_150' title='bbox 386 2769 508 2843; x_wconf 75' lang='lat' dir='ltr'><strong>Traite</strong></span> <span class='ocrx_word' id='word_1_151' title='bbox 529 2768 575 2841; x_wconf 87' lang='lat' dir='ltr'><strong>du</strong></span> <span class='ocrx_word' id='word_1_152' title='bbox 602 2768 702 2843; x_wconf 77' lang='lat' dir='ltr'><strong>choix</strong></span> <span class='ocrx_word' id='word_1_153' title='bbox 725 2781 760 2841; x_wconf 84' lang='lat' dir='ltr'><strong>et</strong></span> <span class='ocrx_word' id='word_1_154' title='bbox 787 2769 831 2843; x_wconf 85' lang='lat' dir='ltr'><strong>de</strong></span> <span class='ocrx_word' id='word_1_155' title='bbox 854 2770 890 2843; x_wconf 85' lang='lat' dir='ltr'><strong>lc</strong></span> <span class='ocrx_word' id='word_1_156' title='bbox 916 2773 1075 2845; x_wconf 67' lang='lat' dir='ltr'><strong>methode</strong></span> <span class='ocrx_word' id='word_1_157' title='bbox 1102 2772 1164 2846; x_wconf 82' lang='lat' dir='ltr'><strong>des</strong></span> <span class='ocrx_word' id='word_1_158' title='bbox 1188 2770 1328 2847; x_wconf 73' lang='lat' dir='ltr'><strong>dtrtdes.</strong></span> <span class='ocrx_word' id='word_1_159' title='bbox 1348 2778 1398 2849; x_wconf 88' lang='lat' dir='ltr'><strong>Ut</strong></span> 
     </span>
     <span class='ocr_line' id='line_1_23' title="bbox 383 2884 1398 2985; baseline 0.009 -31"><span class='ocrx_word' id='word_1_160' title='bbox 383 2884 470 2955; x_wconf 86' lang='lat' dir='ltr'><strong>hunc</strong></span> <span class='ocrx_word' id='word_1_161' title='bbox 496 2886 640 2957; x_wconf 83' lang='lat' dir='ltr'><strong>Joannes</strong></span> <span class='ocrx_word' id='word_1_162' title='bbox 667 2884 866 2957; x_wconf 82' lang='lat' dir='ltr'><strong>familiarem</strong></span> <span class='ocrx_word' id='word_1_163' title='bbox 885 2903 920 2958; x_wconf 86' lang='lat' dir='ltr'><strong>et</strong></span> <span class='ocrx_word' id='word_1_164' title='bbox 936 2888 1005 2959; x_wconf 89' lang='lat' dir='ltr'><strong>illis</strong></span> <span class='ocrx_word' id='word_1_165' title='bbox 1025 2890 1196 2978; x_wconf 87' lang='lat' dir='ltr'><strong>redderet,</strong></span> <span class='ocrx_word' id='word_1_166' title='bbox 1215 2890 1273 2983; x_wconf 79' lang='lat' dir='ltr'><strong>qui</strong></span> <span class='ocrx_word' id='word_1_167' title='bbox 1302 2892 1398 2985; x_wconf 68' lang='lat' dir='ltr'><strong>igno-</strong></span> 
     </span>
     <span class='ocr_line' id='line_1_24' title="bbox 379 2998 1398 3099; baseline 0.012 -34"><span class='ocrx_word' id='word_1_168' title='bbox 379 3012 458 3067; x_wconf 80' lang='lat' dir='ltr'><strong>rant</strong></span> <span class='ocrx_word' id='word_1_169' title='bbox 486 2998 633 3087; x_wconf 82' lang='lat' dir='ltr'><strong>linguam</strong></span> <span class='ocrx_word' id='word_1_170' title='bbox 662 2999 836 3088; x_wconf 71' lang='lat' dir='ltr'><strong>gallicam,</strong></span> <span class='ocrx_word' id='word_1_171' title='bbox 855 3002 965 3091; x_wconf 85' lang='lat' dir='ltr'><strong>ipsum</strong></span> <span class='ocrx_word' id='word_1_172' title='bbox 983 3002 1064 3071; x_wconf 86' lang='lat' dir='ltr'><strong>itala</strong></span> <span class='ocrx_word' id='word_1_173' title='bbox 1083 3004 1193 3095; x_wconf 81' lang='lat' dir='ltr'><strong>lingua</strong></span> <span class='ocrx_word' id='word_1_174' title='bbox 1221 3008 1398 3099; x_wconf 81' lang='lat' dir='ltr'><strong>exposuit,</strong></span> 
     </span>
     <span class='ocr_line' id='line_1_25' title="bbox 382 3114 1400 3219; baseline 0.012 -33"><span class='ocrx_word' id='word_1_175' title='bbox 382 3114 570 3206; x_wconf 79' lang='lat' dir='ltr'><strong>dicavitque</strong></span> <span class='ocrx_word' id='word_1_176' title='bbox 583 3115 763 3203; x_wconf 86' lang='lat' dir='ltr'><strong>praemissa</strong></span> <span class='ocrx_word' id='word_1_177' title='bbox 776 3117 917 3207; x_wconf 85' lang='lat' dir='ltr'><strong>epistola</strong></span> <span class='ocrx_word' id='word_1_178' title='bbox 929 3122 1105 3190; x_wconf 82' lang='lat' dir='ltr'><strong>Fortunato</strong></span> <span class='ocrx_word' id='word_1_179' title='bbox 1118 3122 1321 3195; x_wconf 84' lang='lat' dir='ltr'><strong>Macroceno</strong></span> <span class='ocrx_word' id='word_1_180' title='bbox 1330 3125 1400 3219; x_wconf 79' lang='lat' dir='ltr'><strong>epi·</strong></span> 
     </span>
     <span class='ocr_line' id='line_1_26' title="bbox 382 3228 1398 3328; baseline 0.012 -26"><span class='ocrx_word' id='word_1_181' title='bbox 382 3254 483 3323; x_wconf 82' lang='lat' dir='ltr'><strong>scopo</strong></span> <span class='ocrx_word' id='word_1_182' title='bbox 501 3228 678 3302; x_wconf 84' lang='lat' dir='ltr'><strong>tarvisiano</strong></span> <span class='ocrx_word' id='word_1_183' title='bbox 686 3282 698 3316; x_wconf 87' lang='lat'><em>,</em></span> <span class='ocrx_word' id='word_1_184' title='bbox 723 3229 815 3324; x_wconf 75' lang='lat' dir='ltr'><strong>cujus</strong></span> <span class='ocrx_word' id='word_1_185' title='bbox 831 3233 933 3304; x_wconf 83' lang='lat' dir='ltr'><strong>virtus</strong></span> <span class='ocrx_word' id='word_1_186' title='bbox 954 3258 1030 3304; x_wconf 91' lang='lat' dir='ltr'><strong>cum</strong></span> <span class='ocrx_word' id='word_1_187' title='bbox 1053 3235 1215 3328; x_wconf 79' lang='lat' dir='ltr'><strong>dignitate</strong></span> <span class='ocrx_word' id='word_1_188' title='bbox 1229 3240 1398 3315; x_wconf 81' lang='lat' dir='ltr'><strong>certabat.</strong></span> 
     </span>
    </p>
   </div>
   <div class='ocr_carea' id='block_1_6' title="bbox 728 3468 1058 3500">
    <p class='ocr_par' dir='ltr' id='par_1_9' title="bbox 728 3468 1058 3500">
     <span class='ocr_line' id='line_1_27' title="bbox 728 3468 1058 3500; baseline -0.003 -1"><span class='ocrx_word' id='word_1_189' title='bbox 728 3468 1058 3500; x_wconf 46' lang='lat' dir='ltr'><strong>*Ummium</strong></span> 
     </span>
    </p>
   </div>
   <div class='ocr_carea' id='block_1_7' title="bbox 379 3636 1402 3824">
    <p class='ocr_par' dir='ltr' id='par_1_10' title="bbox 379 3636 1402 3824">
     <span class='ocr_line' id='line_1_28' title="bbox 421 3636 1402 3717; baseline 0.016 -21"><span class='ocrx_word' id='word_1_190' title='bbox 421 3636 471 3717; x_wconf 88' lang='lat' dir='ltr'><strong>(r)</strong></span> <span class='ocrx_word' id='word_1_191' title='bbox 493 3636 609 3701; x_wconf 83' lang='lat' dir='ltr'><strong>Lettere</strong></span> <span class='ocrx_word' id='word_1_192' title='bbox 629 3639 739 3703; x_wconf 73' lang='lat' dir='ltr'><strong>audite</strong></span> <span class='ocrx_word' id='word_1_193' title='bbox 759 3639 808 3702; x_wconf 88' lang='lat' dir='ltr'><strong>del</strong></span> <span class='ocrx_word' id='word_1_194' title='bbox 826 3640 983 3706; x_wconf 80' lang='lat' dir='ltr'><strong>Facciolati</strong></span> <span class='ocrx_word' id='word_1_195' title='bbox 1003 3642 1031 3705; x_wconf 86' lang='lat' dir='ltr'><strong>al</strong></span> <span class='ocrx_word' id='word_1_196' title='bbox 1050 3662 1095 3706; x_wconf 89' lang='lat' dir='ltr'><strong>co.</strong></span> <span class='ocrx_word' id='word_1_197' title='bbox 1128 3640 1281 3707; x_wconf 81' lang='lat' dir='ltr'><strong>Camillo</strong></span> <span class='ocrx_word' id='word_1_198' title='bbox 1304 3643 1402 3711; x_wconf 83' lang='lat' dir='ltr'><strong>Silrc·</strong></span> 
     </span>
     <span class='ocr_line' id='line_1_29' title="bbox 379 3738 809 3824; baseline 0.005 -23"><span class='ocrx_word' id='word_1_199' title='bbox 379 3740 433 3801; x_wconf 76' lang='lat' dir='ltr'><strong>otri</strong></span> <span class='ocrx_word' id='word_1_200' title='bbox 453 3738 505 3802; x_wconf 91' lang='lat' dir='ltr'><strong>lib.</strong></span> <span class='ocrx_word' id='word_1_201' title='bbox 529 3762 555 3801; x_wconf 87' lang='lat' dir='ltr'><strong>r.</strong></span> <span class='ocrx_word' id='word_1_202' title='bbox 576 3762 606 3824; x_wconf 88' lang='lat' dir='ltr'><strong>p.</strong></span> <span class='ocrx_word' id='word_1_203' title='bbox 628 3744 678 3805; x_wconf 83' lang='lat'><strong>36.</strong></span> <span class='ocrx_word' id='word_1_204' title='bbox 697 3758 758 3807; x_wconf 88' lang='lat' dir='ltr'><strong>not.</strong></span> <span class='ocrx_word' id='word_1_205' title='bbox 779 3744 809 3806; x_wconf 84' lang='grc'><strong>6.</strong></span> 
     </span>
    </p>
   </div>
   <div class='ocr_carea' id='block_1_8' title="bbox 378 3838 1400 4042">
    <p class='ocr_par' dir='ltr' id='par_1_11' title="bbox 378 3838 1400 4042">
     <span class='ocr_line' id='line_1_30' title="bbox 420 3838 1400 3927; baseline 0.007 -25"><span class='ocrx_word' id='word_1_206' title='bbox 420 3842 469 3922; x_wconf 84' lang='lat' dir='ltr'><strong>(a)</strong></span> <span class='ocrx_word' id='word_1_207' title='bbox 490 3838 740 3907; x_wconf 77' lang='lat' dir='ltr'><strong>Contineturhaec</strong></span> <span class='ocrx_word' id='word_1_208' title='bbox 752 3846 783 3905; x_wconf 88' lang='lat' dir='ltr'><strong>iu</strong></span> <span class='ocrx_word' id='word_1_209' title='bbox 794 3847 977 3927; x_wconf 81' lang='lat' dir='ltr'><strong>epistolarum</strong></span> <span class='ocrx_word' id='word_1_210' title='bbox 1002 3846 1170 3912; x_wconf 83' lang='lat' dir='ltr'><strong>collectione</strong></span> <span class='ocrx_word' id='word_1_211' title='bbox 1189 3846 1321 3917; x_wconf 77' lang='lat' dir='ltr'><strong>veneriis</strong></span> <span class='ocrx_word' id='word_1_212' title='bbox 1332 3846 1400 3909; x_wconf 82' lang='lat' dir='ltr'><strong>edi-</strong></span> 
     </span>
     <span class='ocr_line' id='line_1_31' title="bbox 378 3949 1366 4042; baseline 0.001 -25"><span class='ocrx_word' id='word_1_213' title='bbox 378 3959 410 4017; x_wconf 83' lang='lat' dir='ltr'><strong>ta</strong></span> <span class='ocrx_word' id='word_1_214' title='bbox 430 3970 496 4015; x_wconf 82' lang='lat' dir='ltr'><strong>aaa.</strong></span> <span class='ocrx_word' id='word_1_215' title='bbox 521 3949 597 4039; x_wconf 75' lang='lat'><strong>¹795</strong></span> <span class='ocrx_word' id='word_1_216' title='bbox 615 3950 671 4017; x_wconf 87' lang='lat' dir='ltr'><strong>sub</strong></span> <span class='ocrx_word' id='word_1_217' title='bbox 688 3950 743 4019; x_wconf 86' lang='lat' dir='ltr'><strong>boo</strong></span> <span class='ocrx_word' id='word_1_218' title='bbox 763 3953 862 4019; x_wconf 87' lang='lat' dir='ltr'><strong>titulo:</strong></span> <span class='ocrx_word' id='word_1_219' title='bbox 881 3955 1066 4040; x_wconf 81' lang='lat' dir='ltr'><strong>Epistolarr‘o</strong></span> <span class='ocrx_word' id='word_1_220' title='bbox 1084 3956 1173 4021; x_wconf 80' lang='lat' dir='ltr'><strong>Tou.</strong></span> <span class='ocrx_word' id='word_1_221' title='bbox 1193 3958 1210 4019; x_wconf 89' lang='lat' dir='ltr'><strong>l</strong></span> <span class='ocrx_word' id='word_1_222' title='bbox 1227 3976 1292 4042; x_wconf 67' lang='lat' dir='ltr'><strong>pag.</strong></span> <span class='ocrx_word' id='word_1_223' title='bbox 1312 3952 1366 4019; x_wconf 80' lang='lat'><strong>25.</strong></span> 
     </span>
    </p>
   </div>
   <div class='ocr_carea' id='block_1_9' title="bbox 0 0 1634 4959">
    <p class='ocr_par' dir='ltr' id='par_1_12' title="bbox 0 0 1634 4959">
     <span class='ocr_line' id='line_1_32' title="bbox 0 0 1634 4959; baseline 0 0"><span class='ocrx_word' id='word_1_224' title='bbox 0 0 1634 4959; x_wconf 95' lang='lat' dir='ltr'><strong> </strong></span> 
     </span>
    </p>
   </div>
  </div>
 </body>
</html>
