3259 4959
559 366 564 375 ¹
615 336 894 419 scurras-assunt
1192 334 1259 416 165

284 494 379 573 idern
397 491 538 568 minime
556 490 690 563 invidus
703 490 925 566 litteratorum
941 485 1125 561 industriae
1140 507 1174 560 ct
1190 492 1260 583 glo-

238 612 309 691 ἤιε
327 614 439 688 favit.
472 609 594 686 Varias
615 609 775 683 lectiones
801 607 1005 705 pertinentes
1036 608 1080 677 ed
1103 606 1262 681 hebraica

238 756 404 807 sacrorum
418 730 600 804 bibliorum
618 752 718 816 mss,
739 750 826 825 quae
843 742 1015 799 servantur
1025 724 1062 799 in
1075 728 1257 799 taurinensi

234 851 326 945 segia
349 852 573 938 bibliotheca,
591 874 668 920 oum
688 846 889 919 Kennicotto
911 844 1154 939 benignissime
1170 867 1262 917 coma

236 968 420 1042 manicavit
436 962 508 1063 (ι).
532 966 672 1041 Publica
692 964 782 1037 bono
800 966 950 1037 intentus
967 962 1120 1037 hortatur
1141 986 1262 1038 omnes

233 1086 278 1161 ad
301 1086 517 1180 proferenda,
541 1106 768 1183 quaecumque
786 1082 914 1157 habent
940 1083 978 1155 in
995 1081 1153 1169 latebris,
1169 1083 1262 1157 anti-

237 1204 378 1298 quorum
397 1202 524 1297 patriae
544 1203 740 1295 scriptorum
759 1215 975 1272 monumenta
995 1200 1202 1291 (2)‚iisdem
1221 1202 1263 1273 il«

235 1318 296 1393 iud
313 1318 506 1389 inculcans:
526 1312 703 1407 Sapientia
718 1310 902 1401 absconsa,
921 1325 956 1383 et
974 1310 1150 1389 thesaurus
1170 1314 1259 1391 invi-

237 1432 315 1519 sses,
333 1454 420 1521 quae
445 1426 582 1501 utilitas
606 1427 643 1497 in
665 1426 819 1521 utrisque
836 1426 923 1520 (3)?
946 1430 988 1499 In
1015 1452 1056 1499 eo
1073 1451 1141 1501 non
1167 1452 1263 1503 arro·

236 1542 379 1635 gantis,
407 1564 472 1613 non
500 1540 670 1613 simulatio
691 1592 700 1611 .
728 1538 896 1635 Religioni
915 1542 951 1613 in
970 1535 1090 1635 onmis
1107 1540 1260 1619 addictus

235 1658 389 1729 eamdem
418 1655 583 1748 promovit
610 1653 730 1727 studiis
755 1654 845 1725 suis.
868 1658 1008 1728 Faustus
1029 1656 1103 1754 ejus
1128 1680 1262 1747 sermoj

231 1791 268 1845 et
286 1774 412 1847 urbano
428 1774 499 1849 salo
515 1772 666 1847 conditus
676 1800 688 1865 3
707 1768 819 1849 facilis
837 1790 871 1845 et
898 1792 1052 1853 constans
1069 1776 1256 1869 memora,

232 1892 406 1987 ingenium
425 1892 595 1991 amplum,
619 1892 798 1989 multiplex
816 1892 980 1967 eruditio.

279 2014 374 2103 Quae
393 2008 552 2083 hactenus
579 2010 622 2082 de
651 2012 794 2100 Pasino,
819 2010 946 2102 partim
970 2008 1140 2083 auditione
1161 2018 1261 2085 aooed

232 2116 291 2217 tii,
309 2125 432 2216 partim
450 2146 494 2195 ex
512 2124 584 2219 ejus
602 2122 709 2214 ipsius
727 2123 904 2215 operibus.
931 2123 1054 2215 Neque
1079 2124 1172 2198 emm
1193 2123 1259 2197 hoae'

233 2236 363 2307 minens
382 2256 541 2327 umquam
559 2235 650 2305 vidi.
665 2236 803 2305 Possem
823 2235 946 2307 addere
959 2232 1105 2309 fortasse
1121 2252 1157 2309 et
1167 2237 1259 2342 alia,

231 2350 442 2449 conjiciendo
461 2368 573 2421 tannen
591 2348 721 2442 potius,
740 2374 842 2445 quam
865 2350 1088 2433 affirmando.
1106 2354 1153 2423 At
1170 2354 1260 2425 vsti-

231 2478 304 2535 tum
334 2464 484 2537 divinare
507 2464 543 2571 in
570 2465 733 2537 historia.
760 2465 905 2539 Pasinus
933 2465 1046 2560 itaque
1072 2466 1257 2539 admodum

231 2597 342 2654 aetate
358 2602 582 2679 processerat,
600 2608 676 2659 cum
695 2608 782 2657 anno
817 2607 906 2683 1770
923 2586 1013 2663 Non.
1030 2585 1115 2659 Julii
1131 2609 1151 2655 o
1169 2579 1260 2663 vivis

230 2718 363 2795 ereptus
381 2726 445 2775 non
466 2705 632 2776 mediocre
659 2706 710 2776 sui
731 2706 932 2777 desiderium
955 2704 1112 2799 reliquit.
1134 2704 1256 2782 elatus·

230 2833 303 2906 est,
321 2836 357 2891 et
374 2820 411 2892 in
430 2822 571 2895 ecclesia
588 2824 625 2897 S.
644 2826 775 2901 Marias
793 2825 997 2921 Angelorum
1014 2822 1183 2919 sepultus.
1204 2818 1251 2899 Iu'

231 2932 396 3011 marmore
414 2938 463 3011 sie
481 2939 697 3033 inscriptum:

523 3140 527 3152 ¹
573 3149 907 3181 mmmmm

247 3365 251 3371 ¹
269 3284 319 3367 (1)
340 3284 478 3351 Gioruale
494 3286 526 3349 di
542 3288 690 3368 Medma,
711 3292 800 3353 Tora.
819 3289 868 3362 Vi
881 3310 949 3379 pag.
977 3292 1070 3372 6411,
1088 3288 1142 3360 nbi
1160 3290 1248 3356 etism

231 3391 421 3475 (ramentum
439 3394 502 3477 ejus
521 3397 660 3480 epistolae
678 3398 811 3463 latinae.

270 3502 321 3581 (a)
343 3504 379 3564 In
399 3502 489 3586 praef.
509 3502 551 3565 sd
570 3503 707 3569 codices.

267 3605 668 3691 fflhmemnh
