3259 4959
583 342 722 395 rosrrm
741 339 856 395 rrsrm
1154 326 1214 399 rer

208 468 376 561 appellare
395 464 560 559 optimum
578 466 673 559 quasi
700 467 865 559 quoddam
889 460 1121 557 integerrimae
1148 492 1223 541 mo-

209 583 287 651 ralis
306 580 502 673 disciplinae
519 580 752 673 compendium
772 583 847 674 (r).
867 580 987 673 Neque
1004 580 1111 651 solum
1126 606 1225 653 rene·

209 714 281 787 tac,
300 700 359 771 sed
383 699 485 770 etiem
505 700 591 771 aliae
610 698 841 791 ephemerides
858 695 1038 769 relerentes
1065 714 1140 769 actu
1164 700 1225 770 tit·

210 830 409 903 teratorum,
427 815 583 887 nobiliter
602 816 643 887 du
661 815 782 887 Pasioo
803 816 874 907 (a).

204 990 206 993 -
254 934 432 1005 Enimvero
459 934 525 1027 ipsi
552 934 729 1029 gloriosum
749 931 813 1003 fuit
839 933 1125 1027 asapisntissimo
1148 956 1227 1026 rege
1340 996 1344 1004 .

209 1048 391 1121 Taurinum
421 1046 529 1119 vocari
552 1064 587 1117 ct
614 1048 797 1137 promoveri
825 1048 869 1118 ad
897 1049 1141 1139 amplissimam
1168 1072 1227 1119 cs·

212 1158 383 1231 thedram:
401 1161 459 1231 sed
478 1160 583 1231 multo
602 1159 775 1251 gloriosius
800 1159 866 1230 loci
892 1160 1089 1253 dignitatem
1116 1162 1229 1248 tueri,

209 1294 245 1348 et
263 1302 299 1348 se
318 1278 536 1370 spectabilem
554 1276 690 1349 reddere
709 1280 745 1346 in
765 1293 857 1348 tanta
885 1278 1054 1349 doctorum
1083 1280 1229 1349 virorum

211 1393 285 1465 lucc
300 1448 309 1464 .
327 1396 455 1467 Notum
483 1398 568 1468 illud
592 1426 601 1467 r
630 1393 765 1467 Minuit
789 1397 982 1489 praesentia
991 1397 1128 1488 somam
1137 1422 1151 1479 ;
1170 1397 1230 1467 ille

212 1525 430 1581 cortracum
457 1536 497 1582 eo
520 1511 684 1599 venisset,
709 1510 864 1583 eamdem
891 1512 1044 1583 auritio
1074 1511 1166 1598 dies,
1197 1524 1232 1581 et

214 1630 411 1721 ampliorem
430 1630 591 1705 reddidit.

259 1748 347 1817 Tum
365 1770 424 1819 rer
440 1746 505 1820 sibi
522 1747 696 1842 plaudere,
715 1746 802 1839 qood
814 1768 892 1818 eum
902 1746 1078 1840 elegisset,
1090 1762 1125 1817 et
1137 1756 1234 1817 suum

213 1858 250 1930 irr
261 1861 413 1955 eligendo
429 1862 588 1961 judicium
606 1864 811 1955 experientia
825 1864 1073 1957 comprobasset
1084 1915 1092 1932 .
1105 1869 1232 1933 rte-ooo

213 1980 264 2052 illi
285 2000 438 2071 tantum,
458 2008 572 2055 vemm
590 2000 625 2054 et
643 1983 734 2053 illius
753 1985 934 2054 successori
954 1983 1073 2053 Carolo
1092 1986 1233 2053 limma·
1325 2012 1418 2137 A&

213 2096 305 2167 trueli
324 2095 388 2167 fuit
409 2096 660 2188 acceptissimus
678 2096 805 2185 Joscplt
824 2096 896 2186 (3).
913 2096 1033 2185 Neque
1046 2068 1125 2198 biri‘o
1138 2117 1234 2165 suam
1267 2069 1312 2146 Χ

216 2230 293 2298 erga
302 2207 398 2277 illum
413 2207 689 2277 humanissimam
702 2207 905 2276 voluntatem
915 2205 1045 2277 cclabat
1052 2258 1064 2294 ‚
1073 2207 1131 2276 scd
1145 2230 1238 2297 prae·

218 2318 347 2393 ferebat
364 2338 500 2411 aperte,
519 2336 633 2413 aperto
659 2318 813 2391 cumdum
843 2319 1069 2413 significabat,
1097 2343 1162 2390 oorr
1181 2344 1237 2389 so-

217 2432 288 2507 loro
303 2431 412 2507 verbis
431 2436 446 2522 (
461 2458 600 2527 quorum
627 2434 724 2511 multi
748 2432 1026 2523 liberalissimi),
1045 2434 1105 2503 sed
1131 2432 1236 2504 etiam

217 2540 340 2617 lactis.
369 2550 460 2639 Opes
496 2550 587 2623 enim
610 2547 645 2618 in
664 2548 760 2621 illum
787 2546 928 2619 contulit
945 2563 980 2617 st
1002 2546 1161 2632 horrores,
1179 2546 1238 2637 qui

217 2682 297 2729 sarrs
316 2686 473 2755 magnum
489 2662 534 2733 ad
555 2662 683 2733 litteras
703 2662 978 2731 incitamentum.
1002 2664 1116 2732 Honos
1130 2658 1238 2755 siqui·⁴

218 2772 296 2846 dem
320 2776 380 2847 alit
403 2794 509 2865 artes,
536 2794 570 2849 et
595 2777 660 2848 hac
686 2776 739 2845 vel
762 2791 868 2865 stant,
892 2775 947 2846 vel
971 2774 1149 2846 concidunt
1175 2797 1235 2868 pro

218 2893 306 2984 rogis
330 2894 439 2969 vultu.
1087 2898 1092 2904 ’
1251 2991 1256 2995 ¹

264 3008 361 3077 Anno
378 3008 491 3103 itaque
512 3008 599 3106 1745
618 3008 726 3083 Nonis
744 3009 848 3096 Julii,
872 3009 955 3103 regii
975 3006 1175 3083 morinensis
1192 3004 1237 3077 A·

219 3123 351 3199 thenaci
370 3129 594 3205 bibliothecae
613 3154 746 3223 praeses
765 3146 800 3202 st
825 3130 1013 3205 moderator
1038 3126 1238 3201 constitutus

560 3297 834 3333 mmm
841 3300 894 3329 Μ

263 3438 314 3519 (r)
333 3434 457 3501 Novello
476 3438 554 3502 della
573 3441 705 3524 repubbl.
719 3440 884 3517 terrereris,
903 3461 971 3503 auo.
995 3436 1067 3521 1751
1090 3458 1155 3522 pag.
1168 3438 1240 3501 atto

260 3544 310 3625 (a)
331 3544 427 3609 Storia
446 3544 591 3607 letteraria
608 3544 636 3607 d·
645 3546 729 3608 ltalia
748 3591 758 3621 ‚
777 3548 820 3609 T.
832 3546 876 3607 111
891 3566 955 3629 cap.
966 3566 996 3628 0·
1008 3568 1040 3607 u.
1063 3554 1149 3628 ¹41¹·
1168 3545 1239 3626 627.

262 3648 313 3727 (5)
332 3647 479 3713 Victorius
499 3645 645 3713 Amadeus
672 3648 702 3709 11
730 3646 929 3731 regnicuram
951 3662 1118 3733 pertaesus,
1139 3644 1240 3709 codem

221 3766 254 3815 se
272 3745 418 3815 abdicarit
437 3750 483 3815 lv
500 3748 579 3812 Non.
608 3750 768 3835 septembr.
790 3773 858 3814 run.
882 3752 981 3835 1751,
999 3750 1058 3813 sibi
1081 3748 1238 3828 subrogans

222 3850 358 3918 corolum
374 3855 589 3923 Emmanuelem
606 3854 718 3921 lilium.
737 3852 819 3922 Prid-
839 3854 906 3930 ω-
924 3852 1082 3925 Novembri
1101 3870 1178 3919 snut
1194 3867 1250 3931 w(

224 3970 328 4049 queste
348 3958 436 4023 obiit.

504 4064 520 4113 Ι
528 4062 542 4111 1
