3259 4959
365 378 443 447 lirae

363 488 636 589 monstrantium,
662 506 839 592 eorumque
867 495 1005 569 rotunda
1034 495 1068 569 ct
1099 496 1304 591 negligenler
1323 503 1378 571 ac':

366 636 478 699 'curata
497 625 539 694 ad
569 641 741 688 numerum
762 615 959 684 constructio
986 615 1144 705 quasique
1180 634 1378 702 concentum

367 751 464 833 quern
485 736 636 826 frequens
652 756 703 820 ‘ac
734 730 901 798 maximus
920 728 1018 796 totius
1047 730 1214 797 concionis
1244 731 1376 819 plausus

364 851 642 947 consequebatur,
661 851 740 919 illae
767 848 928 940 imagines
951 848 1105 916 decenter
1132 866 1307 933 venustae,
1339 848 1378 916 fi-

365 998 463 1067 gurae
492 976 633 1043 latenter
671 970 802 1039 vividae
834 994 871 1039 ac
907 975 1009 1060 prope
1035 969 1266 1053 verecundae,
1283 994 1377 1074 orna

363 1101 475 1158 menta
494 1086 566 1158 sine
584 1085 657 1155 fuco'
679 1101 713 1153 et
731 1082 927 1167 insolentia,
947 1081 1067 1172 quibus
1086 1090 1280 1172 conspersae
1303 1071 1377 1173 eius

361 1210 527 1279 orationes
547 1231 585 1275 ac
604 1188 799 1274 nobilitatae
830 1184 1129 1294 exsplendescnnt?
1147 1207 1196 1272 Ac
1228 1228 1269 1271 ne
1304 1206 1379 1293 quis'

361 1305 443 1391 baec
464 1320 546 1389 forte
566 1345 584 1389 a
610 1342 663 1387 me
690 1324 886 1409 exaggerata
906 1334 1003 1406 atque
1023 1314 1249 1405 amplificata
1239 1340 1312 1385 esse
1333 1343 1382 1385 ar-

361 1439 522 1524 bitretur,
553 1438 749 1527 exemplum
783 1433 915 1522 aliquod
945 1431 1062 1501 afferre
1094 1432 1212 1518 liceat,
1239 1449 1273 1502 et
1306 1458 1377 1501 rem

368 1556 560 1645 argumento
580 1551 764 1619 certissimo
783 1547 996 1616 confirmare.-
1017 1547 1192 1635 Quodnam
1219 1571 1295 1615 vero
1324 1572 1381 1637 po-

368 1668 433 1739 lius
453 1666 574 1737 vobis
566 1672 767 1755 proponam,
787 1688 887 1752 quam
908 1663 990 1731 illud
1009 1685 1051 1731 ex
1071 1664 1217 1732 oratione
1250 1664 1379 1733 desum-

364 1788 458 1873 ptum
478 1780 577 1869 p'aulo
598 1796 673 1847 ante
691 1784 951 1845 commemorata
969 1776 1126 1845 adversus
1146 1778 1280 1845 vitiosos
1304 1802 1379 1867 poe-

362 1914 413 1971 tas
448 1922 625 1988 eorumque
664 1880 884 1966 immodicam
918 1879 1094 2003 libidinem
1126 1878 1350 1967 adhibendi
1342 1922 1378 1966 ιιι

363 2014 431 2081 suis
450 2012 661 2083 carminibus.
669 2010 805 2103 prolana
819 2012 964 2081 Deorum
984 1995 1119 2082 nomina
1138 2038 1213 2082 curn
1229 2013 1376 2081 maximo

363 2118 541 2217 dedecore,
562 2140 596 2200 ct
614 2147 805 2223 contemptu
825 2140 921 2202 uerae
941 2132 1132 2225 feligionis?

408 2274 427 2309 n
450 2244 501 2313 Ita
522 2250 564 2313 ne
584 2246 685 2315 vero?
704 2248 717 2335 (
729 2247 776 2315 sic
796 2247 887 2315 enirn
907 2245 989 2337 ille)
1009 2247 1096 2337 quod
1119 2248 1280 2335 nusquam
1301 2239 1379 2329 est,

369 2362 455 2453 quod
474 2386 604 2451 prorsus
628 2388 771 2449 vanum,
801 2365 917 2450 futile,
940 2364 1228 2448 commentitium,
1258 2362 1380 2453 poterit

369 2494 403 2545 et
424 2472 634 2567 maiestatem
661 2478 759 2546 rebus
789 2478 927 2562 afflare,
950 2496 985 2546 et
1008 2477 1240 2560 audientibus5
1257 2476 1311 2543 v'el
1334 2477 1384 2544 le-

365 2592 518 2685 gentibus
538 2594 796 2664 delectationem
818 2595 959 2665 alferre?
977 2580 1104 2686 Ecquid
1137 2593 1243 2683 inagis
1263 2581 1382 2663 ridicu-

365 2710 435 2777 lum
455 2723 489 2775 et
509 2706 691 2775 absurdum
704 2732 833 2799 ,quarn
858 2734 894 2777 ιιι
913 2712 1023 2794 Deos
1042 2725 1079 2778 ut
1097 2726 1145 2778 ata
1165 2708 1300 2793 dream
1319 2707 1380 2776 eri-

367 2850 468 2917 gere,
489 2835 569 2917 quos
590 2824 732 2897 latemur
750 2852 822 2898 esse
841 2830 947 2901 larvas
967 2830 1082 2901 inanes
1112 2828 1242 2921 punitus
1262 2844 1296 2896 et
1322 2836 1382 2897 ua-

366 2952 462 3024 cuas,
481 2954 514 3009 et
535 2942 577 3011 ab
596 2942 785 3035 hujusmodi
805 2946 905 3014 larvis
925 2946 959 3013 in
981 2947 1133 3036 periculis
1160 2969 1257 3035 opem
1291 2948 1380 3032 pete·

364 3058 425 3124 re'?
441 3055 483 3125 ab
503 3056 555 3125 his
567 3057 744 3147 implorare
761 3060 944 3129 ubertatem
962 3059 1114 3152 frugum,
1134 3078 1167 3131 et
1185 3060 1378 3129 felicitatem

365 3176 581 3265 nuptiarum?
601 3176 643 3246 ab
661 3160 715 3247 bis
734 3180 943 3249 securitatem
962 3182 1110 3266 itineris,
1123 3189 1293 3273 prosperos
1311 3180 1382 3249 bel-'

364 3286 471 3390 lorum
491 3290 621 3377 exitus,
652 3296 843 3363 commodas
863 3300 1100 3386 tempestates?
1118 3297 1225 3365 larvas
1242 3295 1302 3363 bas
1323 3318 1381 3363 ve-

366 3404 473 3473 nerari
511 3423 544 3475 et
570 3406 704 3477 colere?
729 3409 780 3477 lus
801 3426 914 3478 ventos
934 3428 968 3479 et
997 3407 1162 3480 elementa
1185 3408 1381 3504 subjicere?
1483 3504 1487 3510 1

367 3520 449 3590 lris
441 3530 476 3590 ιιιΙ
495 3548 546 3593 res
570 3536 684 3595 ornnes
704 3554 870 3598 smnmmn
891 3530 1068 3621 imperium
1102 3511 1229 3600 tradere
1260 3544 1294 3596 et
1323 3510 1380 3596 de-

367 3637 572 3706 minatum?
598 3643 780 3709 Ferendum
807 3643 914 3712 lmc
905 3668 942 3711 m
969 3643 1113 3734 antiquis
1142 3646 1258 3730 utpote'
1290 3640 1379 3729 quod

366 3779 441 3825 cum
475 3746 607 3828 illumin
638 3760 794 3871 religione
814 3763 1019 3833 cohaerens.
1051 3747 1206 3874 Pudeat
1196 3786 1271 3831 vero
1290 3786 1378 3830 nune

365 3876 515 3946 tenebras
549 3884 792 3968 comminisci,
825 3909 900 3953 cunr
933 3886 1044 3952 ornnia
1083 3869 1118 3953 in
1155 3899 1280 3952 tantam
1306 3882 1378 3949 evi-

364 3989 497 4066 dentiae
529 3996 637 4069 lucem
681 4000 879 4090 evaserint3
914 3998 1067 4092 pudeat,
1101 4024 1176 4071 cum
1211 4018 1288 4065 vera
1324 4013 1393 4064 ιιι-ι
