<?xml version="1.0" encoding="UTF-8"?>
<!DOCTYPE html PUBLIC "-//W3C//DTD XHTML 1.0 Transitional//EN"
    "http://www.w3.org/TR/xhtml1/DTD/xhtml1-transitional.dtd">
<html xmlns="http://www.w3.org/1999/xhtml" xml:lang="en" lang="en">
 <head>
  <title>
</title>
<meta http-equiv="Content-Type" content="text/html;charset=utf-8" />
  <meta name='ocr-system' content='tesseract 3.04.00' />
  <meta name='ocr-capabilities' content='ocr_page ocr_carea ocr_par ocr_line ocrx_word'/>
</head>
<body>
  <div class='ocr_page' id='page_1' title='image "./vitaevirorumill00ferrgoog_0424.png"; bbox 0 0 3259 4959; ppageno 0'>
   <div class='ocr_carea' id='block_1_1' title="bbox 398 343 961 444">
    <p class='ocr_par' dir='ltr' id='par_1_1' title="bbox 398 343 961 444">
     <span class='ocr_line' id='line_1_1' title="bbox 398 343 961 444; baseline 0 -21"><span class='ocrx_word' id='word_1_1' title='bbox 398 343 466 444; x_wconf 73' lang='lat'>576</span> <span class='ocrx_word' id='word_1_2' title='bbox 877 372 961 424; x_wconf 73' lang='lat' dir='ltr'>utut</span> 
     </span>
    </p>
   </div>
   <div class='ocr_carea' id='block_1_2' title="bbox 347 488 1497 3847">
    <p class='ocr_par' dir='ltr' id='par_1_2' title="bbox 388 488 1497 1744">
     <span class='ocr_line' id='line_1_2' title="bbox 388 488 1432 584; baseline 0.011 -26"><span class='ocrx_word' id='word_1_3' title='bbox 388 489 547 569; x_wconf 67' lang='lat' dir='ltr'>,lentium</span> <span class='ocrx_word' id='word_1_4' title='bbox 576 491 810 562; x_wconf 86' lang='lat' dir='ltr'>consuetudine</span> <span class='ocrx_word' id='word_1_5' title='bbox 829 509 863 562; x_wconf 85' lang='lat' dir='ltr'>er</span> <span class='ocrx_word' id='word_1_6' title='bbox 890 490 1073 564; x_wconf 81' lang='lat' dir='ltr'>eruditione</span> <span class='ocrx_word' id='word_1_7' title='bbox 1096 488 1287 584; x_wconf 83' lang='lat' dir='ltr'>proficeret.</span> <span class='ocrx_word' id='word_1_8' title='bbox 1315 495 1432 569; x_wconf 76' lang='lat' dir='ltr'>Utro·</span> 
     </span>
     <span class='ocr_line' id='line_1_3' title="bbox 408 604 1427 696; baseline 0.007 -22"><span class='ocrx_word' id='word_1_9' title='bbox 408 604 508 695; x_wconf 81' lang='lat' dir='ltr'>bique</span> <span class='ocrx_word' id='word_1_10' title='bbox 521 604 645 673; x_wconf 83' lang='lat' dir='ltr'><strong>utiliter</strong></span> <span class='ocrx_word' id='word_1_11' title='bbox 662 605 807 691; x_wconf 85' lang='lat' dir='ltr'>mansit3</span> <span class='ocrx_word' id='word_1_12' title='bbox 827 629 866 674; x_wconf 89' lang='lat' dir='ltr'>ac</span> <span class='ocrx_word' id='word_1_13' title='bbox 883 605 1049 675; x_wconf 83' lang='lat' dir='ltr'>Bononiae</span> <span class='ocrx_word' id='word_1_14' title='bbox 1067 607 1204 696; x_wconf 85' lang='lat' dir='ltr'>quidem</span> <span class='ocrx_word' id='word_1_15' title='bbox 1223 611 1427 682; x_wconf 86' lang='lat' dir='ltr'>Beccariurrr</span> 
     </span>
     <span class='ocr_line' id='line_1_4' title="bbox 407 723 1431 818; baseline 0.011 -26"><span class='ocrx_word' id='word_1_16' title='bbox 407 723 531 810; x_wconf 87' lang='lat' dir='ltr'>audiit,</span> <span class='ocrx_word' id='word_1_17' title='bbox 543 723 711 794; x_wconf 89' lang='lat' dir='ltr'>Montium</span> <span class='ocrx_word' id='word_1_18' title='bbox 722 778 733 810; x_wconf 95' lang='lat'>,</span> <span class='ocrx_word' id='word_1_19' title='bbox 743 725 986 818; x_wconf 76' lang='lat' dir='ltr'>Azzoguidum,</span> <span class='ocrx_word' id='word_1_20' title='bbox 999 726 1182 818; x_wconf 74' lang='lat' dir='ltr'>uagatum,</span> <span class='ocrx_word' id='word_1_21' title='bbox 1202 727 1431 803; x_wconf 76' lang='lat' dir='ltr'>virosdectri·</span> 
     </span>
     <span class='ocr_line' id='line_1_5' title="bbox 403 839 1424 934; baseline 0.008 -28"><span class='ocrx_word' id='word_1_22' title='bbox 403 864 446 910; x_wconf 88' lang='lat' dir='ltr'>nu</span> <span class='ocrx_word' id='word_1_23' title='bbox 460 857 492 910; x_wconf 92' lang='lat' dir='ltr'>et</span> <span class='ocrx_word' id='word_1_24' title='bbox 507 839 595 910; x_wconf 89' lang='lat' dir='ltr'>fama</span> <span class='ocrx_word' id='word_1_25' title='bbox 605 843 747 912; x_wconf 84' lang='lat' dir='ltr'>illustres</span> <span class='ocrx_word' id='word_1_26' title='bbox 757 845 896 912; x_wconf 71' lang='lat' dir='ltr'>florum</span> <span class='ocrx_word' id='word_1_27' title='bbox 911 843 1083 934; x_wconf 79' lang='lat' dir='ltr'>colloquiis</span> <span class='ocrx_word' id='word_1_28' title='bbox 1097 844 1234 915; x_wconf 85' lang='lat' dir='ltr'>eruditis</span> <span class='ocrx_word' id='word_1_29' title='bbox 1245 844 1401 916; x_wconf 80' lang='lat' dir='ltr'>interfuit</span> <span class='ocrx_word' id='word_1_30' title='bbox 1408 901 1424 933; x_wconf 91' lang='lat'>,</span> 
     </span>
     <span class='ocr_line' id='line_1_6' title="bbox 401 956 1424 1056; baseline 0.011 -32"><span class='ocrx_word' id='word_1_31' title='bbox 401 956 623 1030; x_wconf 84' lang='lat' dir='ltr'>institutiones</span> <span class='ocrx_word' id='word_1_32' title='bbox 643 960 794 1053; x_wconf 81' lang='lat' dir='ltr'>excepit,</span> <span class='ocrx_word' id='word_1_33' title='bbox 810 987 885 1031; x_wconf 90' lang='lat' dir='ltr'>cum</span> <span class='ocrx_word' id='word_1_34' title='bbox 904 961 1025 1032; x_wconf 90' lang='lat' dir='ltr'>iisdem</span> <span class='ocrx_word' id='word_1_35' title='bbox 1043 979 1156 1054; x_wconf 86' lang='lat' dir='ltr'>postea</span> <span class='ocrx_word' id='word_1_36' title='bbox 1175 979 1326 1033; x_wconf 87' lang='lat' dir='ltr'>mutuum</span> <span class='ocrx_word' id='word_1_37' title='bbox 1346 961 1424 1056; x_wconf 86' lang='lat' dir='ltr'>epi-</span> 
     </span>
     <span class='ocr_line' id='line_1_7' title="bbox 400 1077 1423 1165; baseline 0.004 -19"><span class='ocrx_word' id='word_1_38' title='bbox 400 1077 557 1146; x_wconf 82' lang='lat' dir='ltr'>stolarum</span> <span class='ocrx_word' id='word_1_39' title='bbox 577 1079 812 1148; x_wconf 84' lang='lat' dir='ltr'>commercium</span> <span class='ocrx_word' id='word_1_40' title='bbox 831 1079 1014 1165; x_wconf 86' lang='lat' dir='ltr'>habuit,ut</span> <span class='ocrx_word' id='word_1_41' title='bbox 1032 1081 1135 1150; x_wconf 89' lang='lat' dir='ltr'>etiam</span> <span class='ocrx_word' id='word_1_42' title='bbox 1150 1104 1225 1150; x_wconf 90' lang='lat' dir='ltr'>cum</span> <span class='ocrx_word' id='word_1_43' title='bbox 1241 1081 1423 1150; x_wconf 86' lang='lat' dir='ltr'>Francisoo</span> 
     </span>
     <span class='ocr_line' id='line_1_8' title="bbox 398 1180 1419 1288; baseline 0.005 -29"><span class='ocrx_word' id='word_1_44' title='bbox 398 1195 538 1262; x_wconf 84' lang='lat' dir='ltr'>Zenottd</span> <span class='ocrx_word' id='word_1_45' title='bbox 558 1192 753 1284; x_wconf 89' lang='lat' dir='ltr'>philosopho</span> <span class='ocrx_word' id='word_1_46' title='bbox 776 1194 889 1283; x_wconf 80' lang='lat' dir='ltr'>magui</span> <span class='ocrx_word' id='word_1_47' title='bbox 908 1194 1076 1278; x_wconf 85' lang='lat' dir='ltr'>nominis,</span> <span class='ocrx_word' id='word_1_48' title='bbox 1092 1180 1184 1288; x_wconf 72' lang='lat' dir='ltr'>cujus</span> <span class='ocrx_word' id='word_1_49' title='bbox 1205 1194 1333 1263; x_wconf 91' lang='lat' dir='ltr'>auditor</span> <span class='ocrx_word' id='word_1_50' title='bbox 1344 1193 1419 1264; x_wconf 88' lang='lat' dir='ltr'>lue-</span> 
     </span>
     <span class='ocr_line' id='line_1_9' title="bbox 398 1304 1417 1400; baseline 0.005 -26"><span class='ocrx_word' id='word_1_51' title='bbox 398 1323 470 1376; x_wconf 87' lang='lat' dir='ltr'>rat.</span> <span class='ocrx_word' id='word_1_52' title='bbox 491 1306 546 1378; x_wconf 91' lang='lat' dir='ltr'>Sic</span> <span class='ocrx_word' id='word_1_53' title='bbox 571 1304 667 1376; x_wconf 89' lang='lat' dir='ltr'>illee</span> <span class='ocrx_word' id='word_1_54' title='bbox 694 1306 807 1376; x_wconf 85' lang='lat' dir='ltr'>mttltis</span> <span class='ocrx_word' id='word_1_55' title='bbox 837 1308 1143 1378; x_wconf 88' lang='lat' dir='ltr'>commodissimum</span> <span class='ocrx_word' id='word_1_56' title='bbox 1161 1309 1312 1400; x_wconf 87' lang='lat' dir='ltr'>quodque</span> <span class='ocrx_word' id='word_1_57' title='bbox 1342 1310 1417 1379; x_wconf 81' lang='lat' dir='ltr'>ele-</span> 
     </span>
     <span class='ocr_line' id='line_1_10' title="bbox 399 1420 1497 1511; baseline 0.005 -24"><span class='ocrx_word' id='word_1_58' title='bbox 399 1421 467 1511; x_wconf 79' lang='lat' dir='ltr'>git3</span> <span class='ocrx_word' id='word_1_59' title='bbox 489 1445 552 1490; x_wconf 91' lang='lat' dir='ltr'>non</span> <span class='ocrx_word' id='word_1_60' title='bbox 572 1420 628 1491; x_wconf 90' lang='lat' dir='ltr'>uni</span> <span class='ocrx_word' id='word_1_61' title='bbox 650 1433 798 1505; x_wconf 87' lang='lat' dir='ltr'>tantum,</span> <span class='ocrx_word' id='word_1_62' title='bbox 827 1437 885 1490; x_wconf 90' lang='lat' dir='ltr'>aut</span> <span class='ocrx_word' id='word_1_63' title='bbox 910 1421 1006 1491; x_wconf 91' lang='lat' dir='ltr'>alteri</span> <span class='ocrx_word' id='word_1_64' title='bbox 1032 1433 1128 1492; x_wconf 85' lang='lat' dir='ltr'>ee&#39;se</span> <span class='ocrx_word' id='word_1_65' title='bbox 1157 1422 1305 1492; x_wconf 76' lang='lat' dir='ltr'>addixits</span> <span class='ocrx_word' id='word_1_66' title='bbox 1323 1425 1415 1493; x_wconf 87' lang='lat' dir='ltr'>unde</span> <span class='ocrx_word' id='word_1_67' title='bbox 1490 1499 1497 1508; x_wconf 59' lang='grc'><em>,</em></span> 
     </span>
     <span class='ocr_line' id='line_1_11' title="bbox 399 1534 1414 1628; baseline 0.006 -26"><span class='ocrx_word' id='word_1_68' title='bbox 399 1537 574 1626; x_wconf 78' lang='lat' dir='ltr'>multiplex</span> <span class='ocrx_word' id='word_1_69' title='bbox 594 1559 633 1604; x_wconf 90' lang='lat' dir='ltr'>ca</span> <span class='ocrx_word' id='word_1_70' title='bbox 660 1534 829 1621; x_wconf 83' lang='lat' dir='ltr'>doctrina,</span> <span class='ocrx_word' id='word_1_71' title='bbox 851 1559 937 1625; x_wconf 85' lang='lat' dir='ltr'>quae</span> <span class='ocrx_word' id='word_1_72' title='bbox 962 1534 1118 1606; x_wconf 84' lang='lat' dir='ltr'>sanandis</span> <span class='ocrx_word' id='word_1_73' title='bbox 1148 1535 1274 1607; x_wconf 83' lang='lat' dir='ltr'>morbis</span> <span class='ocrx_word' id='word_1_74' title='bbox 1305 1537 1414 1628; x_wconf 83' lang='lat' dir='ltr'>pluri·</span> 
     </span>
     <span class='ocr_line' id='line_1_12' title="bbox 398 1669 714 1744; baseline -0.006 -19"><span class='ocrx_word' id='word_1_75' title='bbox 398 1680 490 1725; x_wconf 90' lang='lat' dir='ltr'>ruuru</span> <span class='ocrx_word' id='word_1_76' title='bbox 510 1669 714 1744; x_wconf 82' lang='lat' dir='ltr'>opportuna.</span> 
     </span>
    </p>

    <p class='ocr_par' dir='ltr' id='par_1_3' title="bbox 347 1771 1414 2680">
     <span class='ocr_line' id='line_1_13' title="bbox 436 1771 1412 1864; baseline 0.002 -22"><span class='ocrx_word' id='word_1_77' title='bbox 436 1777 503 1842; x_wconf 77' lang='lat' dir='ltr'>&#39;l&#39;ot</span> <span class='ocrx_word' id='word_1_78' title='bbox 529 1772 647 1862; x_wconf 90' lang='lat' dir='ltr'>opibus</span> <span class='ocrx_word' id='word_1_79' title='bbox 685 1771 845 1842; x_wconf 88' lang='lat' dir='ltr'>scientiae</span> <span class='ocrx_word' id='word_1_80' title='bbox 871 1787 985 1842; x_wconf 87' lang='lat' dir='ltr'>auctus</span> <span class='ocrx_word' id='word_1_81' title='bbox 1003 1771 1204 1864; x_wconf 74' lang='lat' dir='ltr'>Rhodiginm</span> <span class='ocrx_word' id='word_1_82' title='bbox 1222 1773 1331 1842; x_wconf 83' lang='lat' dir='ltr'>venit:</span> <span class='ocrx_word' id='word_1_83' title='bbox 1359 1773 1412 1844; x_wconf 86' lang='lat' dir='ltr'>ibi</span> 
     </span>
     <span class='ocr_line' id='line_1_14' title="bbox 399 1889 1412 1982; baseline 0.002 -22"><span class='ocrx_word' id='word_1_84' title='bbox 399 1889 591 1980; x_wconf 80' lang='lat' dir='ltr'>aliquandiu</span> <span class='ocrx_word' id='word_1_85' title='bbox 618 1891 784 1960; x_wconf 88' lang='lat' dir='ltr'>medicum</span> <span class='ocrx_word' id='word_1_86' title='bbox 805 1892 874 1982; x_wconf 80' lang='lat' dir='ltr'>egit</span> <span class='ocrx_word' id='word_1_87' title='bbox 892 1892 996 1961; x_wconf 86' lang='lat' dir='ltr'>multa</span> <span class='ocrx_word' id='word_1_88' title='bbox 1023 1916 1099 1962; x_wconf 88' lang='lat' dir='ltr'>cum</span> <span class='ocrx_word' id='word_1_89' title='bbox 1127 1892 1249 1962; x_wconf 77' lang='lat' dir='ltr'>cir-ium</span> <span class='ocrx_word' id='word_1_90' title='bbox 1276 1892 1412 1962; x_wconf 89' lang='lat' dir='ltr'>illorum</span> 
     </span>
     <span class='ocr_line' id='line_1_15' title="bbox 398 2004 1414 2096; baseline 0.004 -24"><span class='ocrx_word' id='word_1_91' title='bbox 398 2005 516 2074; x_wconf 78' lang='lat' dir='ltr'>lande.¹</span> <span class='ocrx_word' id='word_1_92' title='bbox 536 2006 647 2094; x_wconf 89' lang='lat' dir='ltr'>thue</span> <span class='ocrx_word' id='word_1_93' title='bbox 665 2020 737 2072; x_wconf 89' lang='lat' dir='ltr'>erat</span> <span class='ocrx_word' id='word_1_94' title='bbox 759 2004 801 2074; x_wconf 85' lang='lat' dir='ltr'>arl</span> <span class='ocrx_word' id='word_1_95' title='bbox 821 2005 932 2074; x_wconf 85' lang='lat' dir='ltr'>studia</span> <span class='ocrx_word' id='word_1_96' title='bbox 949 2004 1047 2075; x_wconf 75' lang='lat' dir='ltr'>valde</span> <span class='ocrx_word' id='word_1_97' title='bbox 1064 2028 1244 2096; x_wconf 86' lang='lat' dir='ltr'>propensus</span> <span class='ocrx_word' id='word_1_98' title='bbox 1254 2057 1265 2092; x_wconf 91' lang='lat'>,</span> <span class='ocrx_word' id='word_1_99' title='bbox 1278 2005 1333 2074; x_wconf 86' lang='lat' dir='ltr'>ubi</span> <span class='ocrx_word' id='word_1_100' title='bbox 1353 2006 1414 2076; x_wconf 78' lang='lat' dir='ltr'>lra-</span> 
     </span>
     <span class='ocr_line' id='line_1_16' title="bbox 347 2111 1413 2215; baseline 0.001 -25"><span class='ocrx_word' id='word_1_101' title='bbox 347 2121 350 2130; x_wconf 82' lang='lat'>&#39;</span> <span class='ocrx_word' id='word_1_102' title='bbox 394 2121 558 2193; x_wconf 78' lang='lat' dir='ltr'>lrelrantur</span> <span class='ocrx_word' id='word_1_103' title='bbox 589 2121 741 2212; x_wconf 87' lang='lat' dir='ltr'>publicae</span> <span class='ocrx_word' id='word_1_104' title='bbox 770 2124 1029 2214; x_wconf 79' lang='lat' dir='ltr'>disputationes,</span> <span class='ocrx_word' id='word_1_105' title='bbox 1057 2123 1177 2194; x_wconf 83' lang='lat' dir='ltr'>iisdem</span> <span class='ocrx_word' id='word_1_106' title='bbox 1204 2141 1238 2194; x_wconf 89' lang='lat' dir='ltr'>et</span> <span class='ocrx_word' id='word_1_107' title='bbox 1266 2111 1413 2215; x_wconf 78' lang='lat' dir='ltr'>ipsein·</span> 
     </span>
     <span class='ocr_line' id='line_1_17' title="bbox 398 2236 1409 2329; baseline -0.001 -22"><span class='ocrx_word' id='word_1_108' title='bbox 398 2253 518 2308; x_wconf 89' lang='lat' dir='ltr'>tererat</span> <span class='ocrx_word' id='word_1_109' title='bbox 544 2238 580 2308; x_wconf 93' lang='lat' dir='ltr'>in</span> <span class='ocrx_word' id='word_1_110' title='bbox 611 2236 731 2306; x_wconf 85' lang='lat' dir='ltr'>illustri</span> <span class='ocrx_word' id='word_1_111' title='bbox 761 2237 948 2308; x_wconf 89' lang='lat' dir='ltr'>auditorum</span> <span class='ocrx_word' id='word_1_112' title='bbox 976 2261 1122 2324; x_wconf 88' lang='lat' dir='ltr'>corona,</span> <span class='ocrx_word' id='word_1_113' title='bbox 1151 2238 1409 2329; x_wconf 79' lang='lat' dir='ltr'>argumentantis</span> 
     </span>
     <span class='ocr_line' id='line_1_18' title="bbox 395 2358 1411 2450; baseline 0.004 -24"><span class='ocrx_word' id='word_1_114' title='bbox 395 2380 494 2449; x_wconf 78' lang='lat' dir='ltr'>saepe</span> <span class='ocrx_word' id='word_1_115' title='bbox 515 2359 879 2449; x_wconf 85' lang='lat' dir='ltr'>personam&#39;induerrs.</span> <span class='ocrx_word' id='word_1_116' title='bbox 911 2359 987 2429; x_wconf 88' lang='lat' dir='ltr'>Nou</span> <span class='ocrx_word' id='word_1_117' title='bbox 1017 2358 1121 2428; x_wconf 89' lang='lat' dir='ltr'>multo</span> <span class='ocrx_word' id='word_1_118' title='bbox 1140 2373 1216 2447; x_wconf 85' lang='lat' dir='ltr'>post</span> <span class='ocrx_word' id='word_1_119' title='bbox 1233 2379 1270 2426; x_wconf 87' lang='lat' dir='ltr'>se</span> <span class='ocrx_word' id='word_1_120' title='bbox 1287 2359 1321 2428; x_wconf 88' lang='lat' dir='ltr'>in</span> <span class='ocrx_word' id='word_1_121' title='bbox 1346 2384 1411 2450; x_wconf 87' lang='lat' dir='ltr'>pa·</span> 
     </span>
     <span class='ocr_line' id='line_1_19' title="bbox 393 2473 1407 2567; baseline 0.005 -28"><span class='ocrx_word' id='word_1_122' title='bbox 393 2475 492 2544; x_wconf 86' lang='lat' dir='ltr'>triam</span> <span class='ocrx_word' id='word_1_123' title='bbox 513 2476 697 2561; x_wconf 78' lang='lat' dir='ltr'>transtulit,</span> <span class='ocrx_word' id='word_1_124' title='bbox 724 2475 839 2567; x_wconf 90' lang='lat' dir='ltr'>ibique</span> <span class='ocrx_word' id='word_1_125' title='bbox 862 2474 1063 2545; x_wconf 82' lang='lat' dir='ltr'>medicinam</span> <span class='ocrx_word' id='word_1_126' title='bbox 1083 2473 1230 2545; x_wconf 80' lang='lat' dir='ltr'>exercuit</span> <span class='ocrx_word' id='word_1_127' title='bbox 1256 2473 1407 2544; x_wconf 77' lang='lat' dir='ltr'>robustus</span> 
     </span>
     <span class='ocr_line' id='line_1_20' title="bbox 393 2589 1161 2680; baseline 0 -22"><span class='ocrx_word' id='word_1_128' title='bbox 393 2613 430 2658; x_wconf 91' lang='lat' dir='ltr'>ac</span> <span class='ocrx_word' id='word_1_129' title='bbox 451 2589 565 2680; x_wconf 80' lang='lat' dir='ltr'>vigens</span> <span class='ocrx_word' id='word_1_130' title='bbox 585 2614 686 2680; x_wconf 84' lang='lat' dir='ltr'>usque</span> <span class='ocrx_word' id='word_1_131' title='bbox 706 2590 748 2658; x_wconf 92' lang='lat' dir='ltr'>ad</span> <span class='ocrx_word' id='word_1_132' title='bbox 767 2589 921 2660; x_wconf 87' lang='lat' dir='ltr'>ultimam</span> <span class='ocrx_word' id='word_1_133' title='bbox 939 2606 1161 2660; x_wconf 78' lang='lat' dir='ltr'>senectutem.</span> 
     </span>
    </p>

    <p class='ocr_par' dir='ltr' id='par_1_4' title="bbox 387 2703 1405 3499">
     <span class='ocr_line' id='line_1_21' title="bbox 439 2703 1402 2796; baseline -0.004 -20"><span class='ocrx_word' id='word_1_134' title='bbox 439 2707 546 2776; x_wconf 88' lang='lat' dir='ltr'>Vetus</span> <span class='ocrx_word' id='word_1_135' title='bbox 565 2705 696 2796; x_wconf 87' lang='lat' dir='ltr'>querela</span> <span class='ocrx_word' id='word_1_136' title='bbox 720 2720 789 2790; x_wconf 87' lang='lat' dir='ltr'>est,</span> <span class='ocrx_word' id='word_1_137' title='bbox 819 2703 979 2773; x_wconf 90' lang='lat' dir='ltr'>nimirum</span> <span class='ocrx_word' id='word_1_138' title='bbox 1006 2703 1167 2795; x_wconf 88' lang='lat' dir='ltr'>quosdam</span> <span class='ocrx_word' id='word_1_139' title='bbox 1195 2726 1238 2772; x_wconf 81' lang='lat' dir='ltr'>ex</span> <span class='ocrx_word' id='word_1_140' title='bbox 1266 2703 1402 2772; x_wconf 89' lang='lat' dir='ltr'>medicis</span> 
     </span>
     <span class='ocr_line' id='line_1_22' title="bbox 396 2816 1402 2908; baseline -0.001 -20"><span class='ocrx_word' id='word_1_141' title='bbox 396 2842 461 2888; x_wconf 88' lang='lat' dir='ltr'>non</span> <span class='ocrx_word' id='word_1_142' title='bbox 490 2818 668 2888; x_wconf 89' lang='lat' dir='ltr'>admodum</span> <span class='ocrx_word' id='word_1_143' title='bbox 695 2819 804 2888; x_wconf 87' lang='lat' dir='ltr'>valere</span> <span class='ocrx_word' id='word_1_144' title='bbox 832 2817 1002 2902; x_wconf 88' lang='lat' dir='ltr'>doctrina,</span> <span class='ocrx_word' id='word_1_145' title='bbox 1016 2816 1176 2908; x_wconf 86' lang='lat' dir='ltr'>quosdam</span> <span class='ocrx_word' id='word_1_146' title='bbox 1196 2841 1262 2886; x_wconf 90' lang='lat' dir='ltr'>non</span> <span class='ocrx_word' id='word_1_147' title='bbox 1289 2818 1402 2887; x_wconf 84' lang='lat' dir='ltr'>admo-</span> 
     </span>
     <span class='ocr_line' id='line_1_23' title="bbox 392 2933 1405 3026; baseline 0 -24"><span class='ocrx_word' id='word_1_148' title='bbox 392 2933 471 3004; x_wconf 88' lang='lat' dir='ltr'>dum</span> <span class='ocrx_word' id='word_1_149' title='bbox 492 2934 716 3025; x_wconf 75' lang='lat' dir='ltr'>erperientia3</span> <span class='ocrx_word' id='word_1_150' title='bbox 736 2958 875 3026; x_wconf 87' lang='lat' dir='ltr'>quarum</span> <span class='ocrx_word' id='word_1_151' title='bbox 899 2950 1010 3003; x_wconf 90' lang='lat' dir='ltr'>tamen</span> <span class='ocrx_word' id='word_1_152' title='bbox 1030 2949 1165 3023; x_wconf 87' lang='lat' dir='ltr'>utraque</span> <span class='ocrx_word' id='word_1_153' title='bbox 1184 2933 1317 3002; x_wconf 88' lang='lat' dir='ltr'>omnino</span> <span class='ocrx_word' id='word_1_154' title='bbox 1334 2955 1405 3002; x_wconf 87' lang='lat' dir='ltr'>me·</span> 
     </span>
     <span class='ocr_line' id='line_1_24' title="bbox 395 3045 1404 3140; baseline 0 -26"><span class='ocrx_word' id='word_1_155' title='bbox 395 3047 469 3114; x_wconf 91' lang='lat' dir='ltr'>dico</span> <span class='ocrx_word' id='word_1_156' title='bbox 497 3050 697 3134; x_wconf 87' lang='lat' dir='ltr'>necessaria,</span> <span class='ocrx_word' id='word_1_157' title='bbox 722 3049 826 3120; x_wconf 88' lang='lat' dir='ltr'>altera</span> <span class='ocrx_word' id='word_1_158' title='bbox 853 3048 1012 3140; x_wconf 87' lang='lat' dir='ltr'>quidem,</span> <span class='ocrx_word' id='word_1_159' title='bbox 1038 3069 1081 3116; x_wconf 88' lang='lat' dir='ltr'>ne</span> <span class='ocrx_word' id='word_1_160' title='bbox 1104 3071 1124 3116; x_wconf 89' lang='lat' dir='ltr'>a</span> <span class='ocrx_word' id='word_1_161' title='bbox 1152 3045 1404 3134; x_wconf 84' lang='lat' dir='ltr'>contemplando</span> 
     </span>
     <span class='ocr_line' id='line_1_25' title="bbox 389 3163 1402 3255; baseline -0.003 -19"><span class='ocrx_word' id='word_1_162' title='bbox 389 3167 432 3236; x_wconf 87' lang='lat' dir='ltr'>ad</span> <span class='ocrx_word' id='word_1_163' title='bbox 445 3165 643 3236; x_wconf 85' lang='lat' dir='ltr'>medendum</span> <span class='ocrx_word' id='word_1_164' title='bbox 658 3163 823 3234; x_wconf 88' lang='lat' dir='ltr'>traductus</span> <span class='ocrx_word' id='word_1_165' title='bbox 842 3168 976 3236; x_wconf 87' lang='lat' dir='ltr'>haereat</span> <span class='ocrx_word' id='word_1_166' title='bbox 994 3167 1163 3254; x_wconf 89' lang='lat' dir='ltr'>incertus(</span> <span class='ocrx_word' id='word_1_167' title='bbox 1174 3164 1294 3255; x_wconf 76' lang='lat' dir='ltr'>agendo</span> <span class='ocrx_word' id='word_1_168' title='bbox 1305 3165 1402 3233; x_wconf 86' lang='lat' dir='ltr'>euim</span> 
     </span>
     <span class='ocr_line' id='line_1_26' title="bbox 387 3283 1400 3379; baseline 0.002 -25"><span class='ocrx_word' id='word_1_169' title='bbox 387 3283 539 3354; x_wconf 90' lang='lat' dir='ltr'>homiues</span> <span class='ocrx_word' id='word_1_170' title='bbox 559 3287 627 3376; x_wconf 89' lang='lat' dir='ltr'>apti</span> <span class='ocrx_word' id='word_1_171' title='bbox 648 3285 691 3356; x_wconf 89' lang='lat' dir='ltr'>ad</span> <span class='ocrx_word' id='word_1_172' title='bbox 710 3285 874 3378; x_wconf 84' lang='lat' dir='ltr'>agendum</span> <span class='ocrx_word' id='word_1_173' title='bbox 892 3287 997 3379; x_wconf 90' lang='lat' dir='ltr'>liunt)</span> <span class='ocrx_word' id='word_1_174' title='bbox 1008 3339 1019 3373; x_wconf 90' lang='lat'>,</span> <span class='ocrx_word' id='word_1_175' title='bbox 1034 3288 1136 3358; x_wconf 85' lang='lat' dir='ltr'>altera</span> <span class='ocrx_word' id='word_1_176' title='bbox 1155 3311 1248 3372; x_wconf 82' lang='lat' dir='ltr'>vero,</span> <span class='ocrx_word' id='word_1_177' title='bbox 1266 3309 1308 3354; x_wconf 90' lang='lat' dir='ltr'>ne</span> <span class='ocrx_word' id='word_1_178' title='bbox 1327 3284 1400 3356; x_wconf 84' lang='lat' dir='ltr'>sola</span> 
     </span>
     <span class='ocr_line' id='line_1_27' title="bbox 388 3405 951 3499; baseline 0.004 -25"><span class='ocrx_word' id='word_1_179' title='bbox 388 3405 592 3499; x_wconf 82' lang='lat' dir='ltr'>experientia</span> <span class='ocrx_word' id='word_1_180' title='bbox 610 3406 707 3476; x_wconf 81' lang='lat' dir='ltr'>nixus</span> <span class='ocrx_word' id='word_1_181' title='bbox 726 3406 951 3498; x_wconf 84' lang='lat' dir='ltr'>periclitetur:</span> 
     </span>
    </p>

    <p class='ocr_par' dir='ltr' id='par_1_5' title="bbox 620 3504 1118 3593">
     <span class='ocr_line' id='line_1_28' title="bbox 620 3504 1118 3593; baseline -0.006 0"><span class='ocrx_word' id='word_1_182' title='bbox 620 3567 859 3593; x_wconf 80' lang='grc'><strong>.....</strong></span> <span class='ocrx_word' id='word_1_183' title='bbox 891 3504 1052 3591; x_wconf 77' lang='lat' dir='ltr'>’Alterius</span> <span class='ocrx_word' id='word_1_184' title='bbox 1068 3520 1118 3592; x_wconf 88' lang='lat' dir='ltr'>st&#39;c</span> 
     </span>
    </p>

    <p class='ocr_par' dir='ltr' id='par_1_6' title="bbox 435 3636 1320 3734">
     <span class='ocr_line' id='line_1_29' title="bbox 435 3636 1320 3734; baseline -0.001 -25"><span class='ocrx_word' id='word_1_185' title='bbox 435 3636 549 3710; x_wconf 72' lang='lat' dir='ltr'>attera</span> <span class='ocrx_word' id='word_1_186' title='bbox 564 3640 674 3732; x_wconf 85' lang='lat' dir='ltr'>poscit</span> <span class='ocrx_word' id='word_1_187' title='bbox 692 3665 787 3734; x_wconf 85' lang='lat' dir='ltr'>opem</span> <span class='ocrx_word' id='word_1_188' title='bbox 806 3664 879 3729; x_wconf 87' lang='lat' dir='ltr'>res,</span> <span class='ocrx_word' id='word_1_189' title='bbox 898 3650 932 3710; x_wconf 84' lang='lat' dir='ltr'>et</span> <span class='ocrx_word' id='word_1_190' title='bbox 950 3643 1104 3734; x_wconf 76' lang='lat' dir='ltr'>conjurat</span> <span class='ocrx_word' id='word_1_191' title='bbox 1117 3638 1262 3730; x_wconf 82' lang='lat' dir='ltr'>amice(</span> <span class='ocrx_word' id='word_1_192' title='bbox 1285 3641 1320 3729; x_wconf 86' lang='lat'>).</span> 
     </span>
    </p>

    <p class='ocr_par' dir='ltr' id='par_1_7' title="bbox 389 3754 1407 3847">
     <span class='ocr_line' id='line_1_30' title="bbox 389 3754 1407 3847; baseline -0.011 -20"><span class='ocrx_word' id='word_1_193' title='bbox 389 3755 465 3827; x_wconf 76' lang='lat' dir='ltr'>lam</span> <span class='ocrx_word' id='word_1_194' title='bbox 486 3779 561 3826; x_wconf 85' lang='lat' dir='ltr'>vero</span> <span class='ocrx_word' id='word_1_195' title='bbox 594 3755 774 3847; x_wconf 89' lang='lat' dir='ltr'>plurimum</span> <span class='ocrx_word' id='word_1_196' title='bbox 802 3773 939 3847; x_wconf 86' lang='lat' dir='ltr'>utraque</span> <span class='ocrx_word' id='word_1_197' title='bbox 956 3754 1110 3826; x_wconf 84' lang='lat' dir='ltr'>excelluit</span> <span class='ocrx_word' id='word_1_198' title='bbox 1128 3757 1272 3828; x_wconf 82' lang='lat' dir='ltr'>loannes</span> <span class='ocrx_word' id='word_1_199' title='bbox 1299 3757 1407 3824; x_wconf 85' lang='lat' dir='ltr'>Fran.</span> 
     </span>
    </p>
   </div>
   <div class='ocr_carea' id='block_1_3' title="bbox 728 3919 1059 3950">
    <p class='ocr_par' dir='ltr' id='par_1_8' title="bbox 728 3919 1059 3950">
     <span class='ocr_line' id='line_1_31' title="bbox 728 3919 1059 3950; baseline 0 -2"><span class='ocrx_word' id='word_1_200' title='bbox 728 3919 1059 3950; x_wconf 46' lang='lat' dir='ltr'>mmmmm*</span> 
     </span>
    </p>
   </div>
   <div class='ocr_carea' id='block_1_4' title="bbox 431 4027 1040 4115">
    <p class='ocr_par' dir='ltr' id='par_1_9' title="bbox 431 4027 1040 4115">
     <span class='ocr_line' id='line_1_32' title="bbox 431 4027 1040 4115; baseline -0.015 -22"><span class='ocrx_word' id='word_1_201' title='bbox 431 4030 479 4115; x_wconf 89' lang='lat' dir='ltr'>(r)</span> <span class='ocrx_word' id='word_1_202' title='bbox 498 4030 570 4096; x_wconf 85' lang='lat' dir='ltr'>Hor.</span> <span class='ocrx_word' id='word_1_203' title='bbox 592 4027 628 4093; x_wconf 87' lang='lat' dir='ltr'>de</span> <span class='ocrx_word' id='word_1_204' title='bbox 650 4041 709 4091; x_wconf 84' lang='lat' dir='ltr'>arte</span> <span class='ocrx_word' id='word_1_205' title='bbox 729 4040 807 4112; x_wconf 87' lang='lat' dir='ltr'>poet.</span> <span class='ocrx_word' id='word_1_206' title='bbox 829 4043 859 4090; x_wconf 85' lang='lat' dir='ltr'>r.</span> <span class='ocrx_word' id='word_1_207' title='bbox 879 4031 949 4103; x_wconf 67' lang='lat' dir='ltr'>tro.</span> <span class='ocrx_word' id='word_1_208' title='bbox 970 4031 1040 4102; x_wconf 69' lang='lat'>4¹¹·</span> 
     </span>
    </p>
   </div>
   <div class='ocr_carea' id='block_1_5' title="bbox 0 0 1634 4959">
    <p class='ocr_par' dir='ltr' id='par_1_10' title="bbox 0 0 1634 4959">
     <span class='ocr_line' id='line_1_33' title="bbox 0 0 1634 4959; baseline 0 8"><span class='ocrx_word' id='word_1_209' title='bbox 0 0 1634 4959; x_wconf 95' lang='lat' dir='ltr'> </span> 
     </span>
    </p>
   </div>
  </div>
 </body>
</html>
