3259 4959
556 334 906 395 notorrroncstnrtn
1155 312 1217 395 tit

198 448 269 535 lise
289 462 464 550 translata,
482 484 549 531 non
569 476 715 533 seorsum
735 460 777 531 alr
797 460 876 560 pliis
894 475 1083 551 sumptaae'
1103 462 1219 532 solitas

198 584 279 670 tia,
302 582 362 653 sed
385 582 420 651 in
446 597 601 652 contextu
621 598 655 650 et
681 579 926 651 continuatione
945 578 1128 665 sermonis,
1161 604 1221 649 θοι

199 714 339 792 rumque
352 708 448 771 ustrut
460 707 499 771 ae
512 700 579 770 vim
591 699 728 785 dooere,
750 698 856 768 rarius
874 712 909 767 et
921 696 1109 788 implicatas
1119 696 1219 789 signi-

203 816 372 887 ficationes
393 838 579 906 exponere,
601 815 798 886 dissidentes
825 814 1001 906 expedire,
1020 813 1224 905 multiplices

198 931 318 1003 irarum
336 932 453 1025 gradus
473 948 605 1016 notare,
626 930 846 1025 distinguere,
865 932 1020 1016 delinire,
1047 946 1082 1001 et
1104 954 1222 1022 oppor-
1284 990 1293 997 .

202 1050 289 1121 tunis
317 1049 482 1142 exemplis
505 1048 617 1119 omnio
640 1050 829 1137 illustrares
848 1072 933 1143 quae
960 1072 1039 1119 sune
1058 1048 1220 1141 praestari
1309 1078 1314 1089 ·

201 1185 368 1260 nequeunt
383 1167 454 1237 sine
474 1165 601 1257 ingenti
620 1166 716 1235 latini
735 1165 897 1236 sermonis
915 1165 1153 1257 intelligentia,
1171 1165 1220 1235 si-

201 1308 244 1355 ne
263 1285 388 1355 eximio
416 1283 622 1375 antiquitatis
649 1298 684 1353 et
709 1284 791 1353 artis
818 1284 952 1353 criticae
981 1282 1120 1369 studio,
1146 1284 1219 1355 sine

201 1400 315 1469 multis
345 1399 489 1490 denique
510 1397 703 1489 magnisque
720 1398 860 1468 litteris.
880 1396 1008 1481 Facile,
1025 1396 1054 1465 si
1076 1396 1195 1467 vellem
1206 1442 1218 1483 ,

202 1510 343 1583 disertus
365 1536 474 1585 essem
501 1513 536 1581 in
567 1527 634 1582 tam
658 1512 778 1582 illustri
806 1527 1026 1604 argumentor
1060 1512 1106 1581 At
1131 1509 1218 1580 mihi

199 1644 347 1721 tempero
370 1658 377 1699 s
408 1654 514 1721 neque
541 1630 630 1701 enirn
657 1629 762 1699 oratio
790 1629 944 1714 texitur,
970 1629 1030 1700 sed
1056 1628 1218 1701 historia.
1315 1634 1318 1642 '

200 1748 447 1819 Unum'addam
460 1746 501 1818 de
519 1748 581 1818 hoo
593 1747 741 1840 negotio,
753 1746 841 1840 quod
858 1748 1001 1840 ingenue
1019 1747 1055 1817 in
1074 1750 1217 1839 quadam

198 1865 338 1955 epistola
353 1866 407 1959 (ι)
424 1864 466 1935 ad
479 1864 652 1935 Porcellini
671 1864 804 1935 laudern
825 1881 963 1935 testatur
979 1863 1123 1955 ipsemet
1141 1860 1219 1935 Fau·

198 1979 351 2049 uiolaturi
369 1976 447 2065 Vix,
464 1977 573 2069 inquit
582 2018 593 2063 ,
611 2002 674 2069 ego
690 1974 726 2045 in
741 1975 916 2068 plerosque
934 1997 1032 2046 voces
1046 1976 1216 2069 quippiam

199 2094 327 2165 contuli
342 2106 478 2185 praeter
495 2092 672 2165 consilium
680 2132 692 2177 3
708 2092 745 2161 in
768 2090 895 2161 multos
914 2102 1027 2161 autem
1044 2117 1087 2161 ne
1104 2094 1216 2163 consi-

202 2208 289 2285 lium,
306 2208 463 2300 quiderm
484 2214 527 2279 Et
546 2209 626 2279 alibi
640 2210 713 2299 (2)r
727 2208 885 2300 Princeps
904 2206 1004 2303 hujus
1011 2207 1121 2300 operis
1136 2234 1218 2279 con·

199 2317 292 2389 ditor
309 2330 412 2411 atque
430 2318 517 2390 odeo
533 2343 619 2389 rinus
645 2316 860 2390 Foreellinus
873 2331 944 2391 ests

204 2489 209 2495 -
244 2437 384 2530 Aliquid
407 2437 498 2508 idem
528 2453 696 2529 praeterea
722 2439 861 2509 oontulit
884 2440 927 2512 ad
954 2458 1106 2533 graecum
1132 2441 1217 2511 lexi-

199 2579 304 2643 eunt,
330 2572 364 2627 et
399 2554 441 2627 ad
466 2557 582 2645 italam
606 2558 708 2628 etiam
736 2558 1004 2649 orthographiam
1031 2559 1216 2648 augendam

197 2685 232 2741 ot
247 2669 470 2741 adornandam
487 2694 551 2739 non
570 2670 642 2741 sine
662 2694 781 2765 magna
800 2671 904 2763 ipsius
923 2672 1102 2743 Facoiolati
1121 2696 1216 2763 prae·
1281 2741 1286 2750 ,

193 2782 377 2853 ςὶἱοειῑὶοτκε.1
397 2784 535 2855 Paucis·
555 2782 670 2855 Studia
698 2801 856 2875 perpetuo
882 2782 964 2855 fovit
986 2785 1211 2855 Foroellinuss
1331 2838 1335 2843 -

195 2895 232 2966 in
262 2896 343 2967 haec
372 2896 534 2989 juveniles
562 2921 683 2981 annos,
711 2898 746 2966 in
765 2897 848 2968 haee
866 2897 987 2969 seniles
1010 2900 1209 2989 insumpsit.

200 3012 398 3087 Adolescens
411 3016 428 3108 (
437 3016 484 3085 sic
495 3016 563 3087 ille
581 3012 711 3087 clericis
729 3016 907 3088 seminarii
923 3017 1002 3111 (3J)
1019 3013 1215 3103 adolescens

539 3150 873 3215 mmmmm»

200 3304 203 3309 Ι
238 3310 294 3447 (ι)
309 3342 386 3417 lluis
406 3344 542 3439 epistolae
553 3348 653 3441 titulus
664 3380 671 3420 :
684 3346 960 3421 Animadversiones·
976 3357 1099 3430 criticae
1109 3358 1211 3425 inmas

195 3478 283 3545 prum
294 3462 381 3523 Petrr'
400 3460 524 3524 Daretis·
539 3465 744 3563 dictionarium
757 3498 765 3526 r
776 3462 864 3526 Edita
877 3478 921 3527 est
938 3463 1009 3527 haee
1028 3466 1149 3551 epistola
1159 3488 1212 3532 tu·

195 3586 267 3631 nor
295 3568 341 3630 5.

233 3590 340 3844 poili
359 3666 479 3763 epistola
497 3664 535 3741 ad
551 3664 710 3765 Joseplum
717 3664 849 3757 Laetam,
859 3639 1014 3765 praemissa
1031 3677 1125 3745 lexico
1136 3680 1209 3770 Ἐστι,

200 3780 312 3851 celin.
870 3801 872 3804 '

223 3882 284 3969 ’(3)
306 3886 340 3951 ln
360 3883 499 3975 epistola,
519 3909 591 3981 quae
618 3886 724 3987 legitur
751 3900 818 3985 post
839 3899 1045 3985 prselatiousut
1069 3890 1209 3989 praemis:

194 4010 257 4055 satu
277 3989 368 4056 eidem
386 3994 492 4061 lexico.
