3259 4959
534 339 655 394 siconi
672 335 865 392 tsooauuur
1163 314 1228 390 105

218 481 240 532 e
262 458 324 536 dae
339 460 517 534 latinitatis
534 460 744 534 avidissimos
755 458 909 545 diffudit,
926 457 983 529 ille
1000 457 1110 530 hausit
1125 483 1148 538 n
1165 461 1231 553 pri·

220 611 241 651 n
264 584 328 654 mis
346 581 529 677 unguiculis
546 611 589 651 a.

265 702 399 774 Livium
416 724 495 794 prae
512 700 630 773 ceteris
649 698 764 770 latinis
790 689 1006 791 scriptoribus
1035 687 1070 767 in
1100 697 1228 768 deliciis

217 812 363 901 babuit,
388 816 504 886 solitus
536 815 647 906 ipsum
676 813 808 886 assidue
835 815 944 906 legere
963 812 1020 884 diu
1048 830 1229 906 noctuque.
1257 859 1262 866 ·

218 928 315 998 Hunc
333 929 507 1002 scribendo
523 927 711 1020 exprimere
730 929 858 998 studuit
877 929 1005 998 intenta
1024 951 1231 1020 cnra3quem

218 1064 387 1134 praeterea
404 1049 636 1120 illustrandum
653 1048 800 1139 suscepit
816 1071 893 1118 cum
912 1046 1058 1120 Ferratio
1066 1097 1078 1134 ,
1093 1063 1131 1118 ut
1148 1045 1232 1118 laci·

219 1161 284 1232 lius
302 1179 337 1234 et
355 1163 413 1234 alii
432 1179 568 1254 possent
585 1164 627 1232 ad
647 1185 724 1232 cum
743 1161 917 1232 accedere·

225 1307 253 1357 a
265 1275 448 1346 Plurimum
466 1299 595 1368 quoque
611 1275 755 1346 lacobus
767 1273 872 1344 ualuit
891 1272 1171 1346 inscribendomm
1187 1275 1235 1345 la·

220 1389 338 1482 pidum
369 1389 508 1460 scientia
533 1389 609 1481 (ι),
637 1391 731 1476 Quae
756 1386 891 1480 quidem
910 1385 981 1456 laus
1001 1411 1066 1456 non
1097 1390 1235 1482 exigna,

223 1525 286 1574 nec
305 1503 460 1574 omnibus
477 1503 520 1574 iis
542 1500 748 1587 communis,
766 1499 886 1593 quibus
903 1523 1078 1572 commune
1093 1516 1144 1570 est
1162 1502 1235 1572 lati·

219 1645 264 1692 ne
282 1621 367 1693 seire
382 1639 417 1692 et
433 1621 595 1692 scribere·
1017 1701 1020 1708 ¹

269 1737 396 1806 Verum
412 1735 535 1807 diutius
554 1734 655 1808 latere
674 1757 739 1805 non
751 1749 881 1826 poterat
899 1734 950 1804 vir
967 1734 1150 1840 splendidis
1163 1736 1234 1806 mO

223 1852 357 1924 neribus
375 1853 443 1948 jam
462 1869 626 1926 maturus.
639 1853 801 1946 Georgius
820 1853 932 1945 itaque
950 1853 1136 1924 Cardinolis
1156 1856 1235 1924 Cor-

219 1972 346 2058 nelius,
362 1972 420 2066 qni
437 1971 473 2042 in
490 1975 528 2045 B·
556 1973 709 2063 Gregorii
732 1971 909 2044 Barbadi'ci
940 1973 1048 2042 locum
1074 1970 1231 2044 suffectus
1258 2003 1261 2010 ·

217 2085 344 2177 iuerat,
362 2090 405 2160 ad
431 2088 613 2159 studiorum
640 2087 820 2159 seminarii
847 2087 994 2178 regimen
1023 2086 1234 2160 Jacobettum

222 2205 334 2278 evexit
351 2207 426 2297 (2).
444 2205 563 2276 Talem
583 2225 661 2273 vero
675 2202 735 2272 ille
752 2225 790 2272 se
807 2201 961 2291 praebuit
978 2200 1014 2269 in
1034 2201 1146 2291 amplo
1166 2225 1237 2282 muq

567 2367 896 2398 mmmm

267 2476 317 2554 (ι)
337 2473 461 2537 Constat
478 2471 510 2535 ld
529 2493 565 2534 ex
584 2471 665 2553 gravi
683 2483 712 2532 et
732 2485 863 2532 accurata
882 2491 1020 2547 censura,
1039 2493 1094 2554 qus
1117 2493 1177 2534 non
1200 2493 1234 2532 u·

225 2597 292 2642 tram
310 2603 346 2644 ex
363 2582 461 2643 latinis
479 2578 715 2664 inscriptionibus
731 2591 829 2642 notat.
852 2579 981 2642 Censura
1000 2598 1060 2640 uon
1078 2591 1122 2642 est
1141 2578 1236 2658 edita,

222 2687 275 2753 sed
294 2703 406 2751 tautum
423 2688 546 2772 scriptor

266 2796 316 2876 (α)
336 2795 490 2855 Immatora
508 2792 585 2853 euim
600 2803 691 2854 morte
719 2804 885 2875 praereptus
908 2789 1001 2852 iuerat
1019 2791 1119 2854 Petrus
1146 2793 1236 2854 Auto-

224 2901 289 2963 aius
311 2900 432 2982 Goppo,
450 2900 500 2980 qni
519 2896 623 2959 studiis
641 2895 745 2958 iisdem
762 2911 907 2980 praeerat.
926 2899 985 2966 Hic
1014 2897 1125 2960 Patavii
1150 2913 1235 2960 natus

225 3003 414 3067 Seminarium
432 3002 575 3083 ingressus
595 3013 639 3062 est
658 3021 725 3080 ann.
750 2999 834 3062 1685.
856 2999 931 3064 Suae
950 2998 1137 3060 institutionis
1152 3021 1238 3062 eursu

229 3107 359 3169 conlecto
370 3107 498 3184 ,ibidem
508 3106 607 3169 docuit
625 3127 719 3168 sacras
736 3106 864 3182 litteras,
876 3118 904 3168 et
923 3119 1035 3169 veteres
1056 3107 1173 3170 orientis
1182 3107 1239 3170 lia·
1277 3131 1283 3146 ·

229 3227 320 3288 guas.
346 3211 465 3272 Portica
490 3212 576 3270 etiam
594 3210 626 3270 in
650 3223 710 3270 arte
728 3209 837 3285 valuit,
857 3221 885 3270 et
913 3209 1053 3271 oratoris.
1077 3209 1240 3295 Multiplici

233 3308 320 3372 laude
337 3309 442 3373 llorens
460 3333 519 3372 non
549 3332 641 3394 pauca
660 3311 776 3392 reliquit
794 3326 996 3389 monuments,
1014 3312 1149 3396 pleraque
1178 3315 1241 3376 ine·

229 3416 306 3492 dits,
326 3436 399 3498 quae
419 3418 451 3477 in
468 3419 621 3483 &minerii
637 3418 812 3482 bibliotheca
828 3435 992 3496 serrantur,
1007 3423 1111 3504 pertint
1131 3420 1168 3484 ad
1179 3445 1241 3504 gra·

229 3521 338 3594 riores,
357 3519 462 3602 partlm
480 3518 520 3581 ad
536 3520 684 3603 politiores
701 3521 813 3584 litteras
834 3523 1025 3606 pertinentis.
1045 3525 1124 3612 Tam
1149 3528 1239 3600 multa

228 3651 264 3692 ac
282 3626 433 3690 dissimilia
451 3628 548 3692 studia
566 3629 718 3693 admodum
735 3631 849 3713 rigente
868 3645 960 3694 aetate
978 3631 1163 3716 complexus,
1178 3657 1240 3697 ma-

230 3759 315 3823 gnam
326 3738 370 3800 sui
380 3739 618 3822 exspectationem
630 3751 835 3802 commoverat.
846 3735 1041 3802 Salomoniura
1050 3739 1149 3804 audire
1161 3762 1242 3826 prae·

234 3859 306 3921 stat,
330 3844 379 3926 qui
397 3866 461 3906 eum
481 3846 564 3908 nobis
582 3843 718 3921 exbibet,
736 3850 836 3930 paucis
855 3845 991 3930 quidem,
1011 3847 1063 3912 sed
1083 3848 1183 3912 solidis
1203 3848 1241 3910 li·

232 3952 388 4016 sementis
405 3969 568 4036 expressum
589 3949 751 4034 (Append.
770 3954 904 4039 inscript.
922 3964 988 4044 pat.
1004 3973 1079 4039 pap.
1094 3953 1197 4032 aet.)
