3259 4959
603 339 744 390 rosum
761 334 895 388 ‘rorum
1194 313 1261 404 591

249 487 307 534 run
327 463 424 553 iunge
444 459 568 555 major.
587 460 691 550 quue
709 456 775 526 sibi
796 451 980 548 adiumenti
1008 447 1190 544 plurimum
1209 469 1264 523 ot·
1383 545 1389 556 .

252 580 367 650 tulisse
396 595 535 650 testatur
562 576 604 646 ed
632 575 791 666 quasdem
814 571 944 664 regulas
963 568 1204 658 stabiliendam
1223 594 1267 642 ex

250 698 370 788 quibus
398 697 575 768 admodum
602 692 819 784 probabiliter
847 690 970 781 conjici
994 706 1131 781 possent
1155 688 1265 760 future

252 839 361 889 rerum
381 816 577 894 naturalium
597 829 734 883 eventa.
763 813 834 882 Hos
853 811 913 882 iile
929 809 1058 901 regulet
1084 809 1267 902 appellarit

250 933 410 1023 Alorionri
426 931 701 1026 rraereorologier'.

296 1055 391 1138 Quae
418 1050 599 1135 hactenus,
618 1050 827 1118 continentur
853 1047 889 1116 in
911 1071 952 1117 eo
971 1045 1159 1131 volumine,
1176 1045 1266 1138 qnod

251 1163 420 1254 inscripsit
448 1161 573 1256 Suggio
600 1159 877 1251 rneteoroiogico.
910 1163 982 1232 Hoc
1008 1161 1090 1230 italo
1113 1185 1265 1232 sermone

253 1285 426 1372 exposuit,
443 1279 531 1370 quod
550 1275 657 1354 doctis
676 1277 855 1362 scriberet,
871 1294 908 1346 et
926 1276 1087 1351 indoctis,
1110 1279 1269 1354 Hortatur

252 1395 344 1464 enim
371 1413 487 1463 omnes
515 1392 557 1470 ed
585 1391 668 1460 hoec
691 1389 888 1482 inquirende
907 1413 948 1459 eo
964 1390 1124 1474 consilio,
1141 1405 1180 1458 ut
1199 1391 1267 1480 pie·

253 1531 333 1576 num
361 1509 438 1593 fiat,
456 1529 537 1576 nurn
572 1520 795 1594 temperentur
823 1504 896 1596 lege
914 1504 1026 1596 aliqua
1051 1520 1265 1594 tempestates

255 1647 293 1694 ac
313 1625 512 1698 mutationes
532 1624 705 1715 temporis.
725 1627 822 1694 Esset
839 1624 931 1694 enirn
944 1623 1091 1714 cognitio
1101 1622 1187 1693 hoec
1200 1647 1271 1694 me·

258 1739 351 1808 ximo
378 1739 474 1810 nobie
499 1738 573 1808 usui
598 1738 634 1808 in
661 1736 753 1807 omni
781 1737 869 1821 vita,
895 1737 939 1806 eri
962 1735 1165 1808 medicinam
1191 1759 1273 1828 prae
1372 1799 1378 1803 .

258 1853 397 1939 ceteris,
409 1854 452 1924 uti
469 1851 644 1944 navigandi
660 1867 781 1936 ortem,
802 1867 836 1926 et
850 1851 895 1927 orl
908 1873 1060 1944 agrorum
1072 1853 1251 1922 culturam.

305 1971 348 2036 Et
367 1966 511 2036 adhunc
535 1965 670 2056 quidem
699 1963 914 2034 utilissimam
939 1987 1013 2032 esse
1037 1945 1273 2054 meteorologi-

258 2102 333 2150 curn
351 2079 525 2156 scientium
545 2076 838 2152 demonstrandum
859 2092 973 2164 posteo
991 2077 1138 2167 suscepit
1156 2077 1275 2148 discer-

256 2197 401 2282 tatione,
430 2197 562 2286 saepius
589 2195 720 2284 vulgatu
751 2211 848 2284 post,
876 2210 910 2262 ct
938 2194 1050 2285 piures
1077 2196 1112 2263 in
1142 2197 1272 2286 linguas

226 2347 227 2350 ¹
258 2337 372 2386 versa.
392 2315 486 2383 Hanc
505 2313 623 2406 gallice
643 2311 800 2404 scriptam
822 2312 916 2390 misit
934 2312 977 2383 ari
997 2314 1121 2404 regiam
1137 2314 1276 2384 scriem-

258 2449 328 2502 tenr
355 2429 653 2521 monspeiiensern,
686 2454 706 2500 a
732 2454 798 2526 qua
825 2430 940 2505 statim
968 2426 1059 2511 edite
1086 2431 1271 2522 praemium

257 2551 388 2621 retulit.
409 2548 564 2622 Venonis
583 2548 736 2622 eamdem
756 2548 894 2638 protulit
922 2570 1010 2640 nnnc
1041 2548 1126 2639 1775
1154 2572 1272 2619 exora-

259 2686 327 2738 tnrn
346 2687 498 2752 sermone
517 2667 616 2754 italo,
632 2684 667 2738 et
686 2667 772 2736 hunc
792 2665 1032 2758 praeferentem
1051 2666 1084 2734 in
1105 2665 1213 2741 fronte
1231 2669 1272 2740 ti·

260 2790 393 2858 tulum:
423 2789 474 2858 La
504 2783 744 2878 rrteteoroiogio
771 2784 943 2876 applicato
972 2782 1271 2878 oii’ogricolturo.

306 2905 513 2998 Querebatur
531 2905 658 2978 intereo
675 2905 800 2996 Joseph
819 2930 839 2974 n
858 2904 965 2974 doctis
983 2929 1049 2974 non
1077 2928 1275 2996 magnopere

260 3021 361 3090 inisse
378 3019 545 3091 excultam
565 3020 798 3098 Meteororum
819 3017 1024 3102 doctrinam,
1045 3035 1173 3108 partem
1193 3018 1276 3087 adeo

260 3141 377 3208 utilem
396 3137 553 3229 physicon
572 3135 786 3226 disciplinam
801 3136 882 3226 quin
901 3135 1080 3228 aliquando
1098 3133 1200 3204 fuisse
1220 3159 1275 3204 ne-

263 3257 403 3344 glectam
428 3273 462 3325 et
493 3252 647 3345 imperito
677 3254 775 3346 vulgo
799 3253 970 3324 relictam.
1001 3255 1096 3322 Hunc
1122 3252 1277 3321 omnibus

250 3367 412 3469 ,impetire
431 3365 592 3450 inculcat,
620 3366 655 3438 in
683 3391 748 3458 qua
774 3367 998 3456 promovenda
1024 3365 1186 3436 laborarit
1215 3367 1275 3434 ille

263 3482 443 3576 plurimum
464 3497 532 3550 toto
549 3507 627 3554 sune
647 3483 736 3552 ritae
760 3507 877 3554 cursu.
898 3481 973 3554 Sibi
991 3481 1080 3554 enim
1100 3505 1278 3575 proposue-

263 3617 315 3672 rat
342 3599 520 3694 expedire,
547 3624 611 3694 qua
638 3600 764 3670 rationo
783 3601 905 3672 melior
922 3619 1052 3692 posset,
1071 3626 1142 3671 rem
1161 3601 1278 3692 impii-

263 3733 372 3786 cutarn
400 3737 531 3806 prorsus
550 3730 585 3783 et
601 3731 870 3802 controversam,
889 3739 993 3808 eoque
1010 3718 1163 3787 cumdem
1189 3715 1280 3787 redi-

266 3852 358 3922 gere,
378 3845 414 3898 ut
433 3827 594 3921 generalis
614 3828 782 3898 doctrinae
800 3829 871 3900 virn
889 3828 1076 3900 obtineret.
1096 3829 1135 3900 ld
1156 3827 1279 3927 proeci-

265 3967 331 4048 pue
351 3957 486 4038 apparet
505 3965 548 4012 err
567 3942 628 4014 hoc
661 3945 778 4018 eodem
805 3944 994 4034 columine,
1026 3944 1069 4018 de
1093 3969 1158 4038 quo
1184 3961 1282 4020 oute.
