3259 4959
339 386 384 458 62

337 553 453 622 graece
472 553 535 597 non
549 528 653 596 solum
672 522 813 594 scrihere
824 577 833 610 ,
843 524 901 594 sed
911 523 1013 594 etiam
1025 525 1114 618 loqui
1129 579 1136 596 .
1151 529 1234 597 Rem
1246 543 1349 596 totana

337 650 486 742 ejusdem
505 647 581 715 fidei
601 660 634 712 et
654 645 891 735 intelligentiae
911 647 1105 714 committit.
1127 647 1187 714 Cui
1207 646 1350 736 Maglia·

298 799 300 805 ¹
337 762 492 832 becchius
505 811 517 844 ‚
536 781 571 826 se
603 758 751 841 credere5
778 757 955 826 Nicolaum
975 759 1103 828 scilicet
1131 760 1351 846 Averaninm,

336 883 443 951 virum
460 879 546 947 inter
559 879 719 945 litteratos
731 878 821 946 illius
842 880 959 947 aetatis
969 879 1131 947 eximium
1143 929 1154 962 ‚
1165 901 1238 946 esse
1252 903 1327 947 eum
1339 933 1351 966 ,

336 1023 434 1090 quem
458 997 529 1088 ipse
549 1011 740 1087 quaereret:
761 1011 849 1065 certe
865 1019 901 1064 se
924 1020 1018 1064 nosse
1039 997 1133 1064 illum
1153 997 1249 1064 adid
1274 996 1348 1065 ido.
1459 1025 1466 1040 ·

336 1142 453 1186 neum.
474 1116 538 1185 llic
557 1117 721 1185 recusavit
738 1115 885 1184 oblatum
911 1140 1049 1200 munus,
1070 1115 1155 1204 quod
1177 1117 1227 1185 tt.
1249 1119 1351 1185 Anto·

336 1236 391 1304 nio
410 1234 554 1304 Ferratio
573 1234 841 1304 commendatum
867 1232 930 1304 fuit
956 1236 1024 1303 viro
1044 1235 1086 1303 de
1105 1232 1266 1303 litteraria
1295 1258 1349 1304 re-

336 1354 468 1446 publica
491 1355 576 1424 bene
597 1355 736 1423 merenti
756 1355 832 1446 (a).
1153 1347 1155 1352 ¹

380 1461 503 1557 Quales
533 1491 609 1536 vero
634 1467 756 1537 fuerint
776 1469 841 1535 PP.
871 1465 1057 1536 Benetellus
1086 1482 1121 1535 et
1147 1467 1349 1552 Ascolanus,
1450 1519 1453 1524 .

334 1581 392 1650 ille
420 1581 554 1670 quidem
573 1581 751 1649 hebraicae
775 1580 908 1670 linguae
919 1633 930 1664 ‚
954 1580 1009 1649 hic
1029 1605 1141 1650 sacrae
1162 1583 1349 1672 theologiae

335 1695 369 1762 in
393 1692 578 1764 seminario
599 1690 780 1782 professor,
800 1692 981 1762 luculenter
1008 1695 1154 1762 ostendit
1182 1695 1351 1785 utriusque

334 1803 423 1876 fama
442 1824 475 1876 et
494 1788 629 1875 alterius¹
653 1828 771 1896 opera.
791 1808 872 1874 Erat
896 1805 982 1874 inter
1001 1805 1132 1874 illorum
1163 1823 1349 1898 temporum

335 1917 644 2014 praeceptores‚qui
664 1917 1280 2010 posteaelectusestinepiscopum,et
1292 1922 1350 2014 qui

334 2038 370 2108 in
387 2039 669 2131 archiepiscopum
682 2053 716 2107 et
735 2039 791 2129 qui
812 2039 1005 2127 magistrum
1026 2054 1156 2128 ageret,
1171 2063 1247 2109 cum
1262 2056 1350 2110 esset

335 2151 404 2244 jam
428 2151 692 2244 archiepiscopus
711 2152 786 2243 (a).
805 2153 916 2238 Quare
940 2149 1116 2220 Serninarii
1138 2159 1257 2221 nomen
1278 2177 1351 2222 ma-

335 2271 385 2363 gis
404 2271 439 2341 in
459 2272 530 2342 dies
543 2269 852 2364 clarcrc.Ejusdem
870 2267 958 2339 fama
976 2289 1142 2361 pennotus
1163 2271 1352 2342 Cardinalis

337 2389 378 2456 de
398 2391 521 2458 Canius
549 2390 863 2479 gratianopolitanus
891 2389 1064 2478 episcopus
1077 2441 1087 2473 ,
1111 2414 1187 2459 eum
1215 2391 1351 2480 ipsum,

338 2505 449 2594 quiin
470 2521 538 2573 tota
558 2504 701 2573 dioecesi
721 2505 856 2596 gerebat
876 2505 962 2572 vices
983 2506 1050 2587 soi,
1070 2528 1113 2573 ex
1132 2507 1243 2576 Gallia
1256 2511 1352 2575 Pata-

339 2620 430 2689 vium
448 2621 541 2690 misit
559 2621 622 2690 hoc
641 2646 706 2689 uno
731 2636 858 2690 tantum
870 2612 1011 2690 'consilio
1022 2673 1032 2704 ,
1047 2636 1083 2688 ut
1103 2619 1131 2687 is
1148 2620 1356 2690 animadver-

337 2745 447 2817 teret,
466 2757 531 2823 qua
550 2733 677 2803 ratione
703 2731 926 2803 Seminarium
956 2749 1082 2821 regeret
1105 2733 1351 2822 Britannicus,

335 2845 452 2914 eadem
471 2863 577 2916 certus
595 2849 669 2937 ipse
688 2860 721 2915 et
740 2870 836 2916 suum
849 2867 960 2934 regere
970 2846 1043 2934 (5).
1059 2846 1155 2934 Quod
1176 2849 1352 2937 postremis

336 2959 432 3030 bisce·
448 2963 652 3052 temporibus
666 2979 858 3030 renovamm
874 2976 925 3029 est
944 2987 963 3028 a
982 2962 1151 3032 Cardinali
1165 2965 1353 3054 Migaceio.

381 3079 570 3148 Cardinalis
589 3079 788 3151 Vincentius
801 3079 913 3149 Maria
928 3079 1066 3149 Ursinus
1087 3080 1355 3170 archiepiscopus

334 3194 600 3285 beneventanus,
618 3198 675 3290 qui
694 3214 809 3290 postea
828 3199 1023 3273 Benedictus
1042 3201 1146 3286 XIII,
1171 3201 1354 3296 quemdam
1440 3263 1442 3268 .

675 3439 1010 3471 mfflfflmfflffl

376 3613 426 3691 (ι)
441 3607 520 3677 Vide
540 3612 652 3676 (Ilaror.
672 3617 851 3682 Venetorum
881 3619 975 3699 Epist.
1011 3613 1048 3674 ad
1081 3613 1344 3694 Maglialrecehium

336 3719 379 3778 T.
399 3719 429 3777 11
448 3740 514 3802 pag.
551 3720 596 3782 15.
617 3725 666 3784 28.
685 3723 734 3784 30.
755 3737 784 3783 ct
803 3745 884 3803 seqq.
917 3721 995 3786 Vide
1015 3721 1208 3782 Mazzuchell.
1236 3722 1306 3787 Vol.
1332 3723 1354 3812 ᾖ

336 3820 371 3881 Ρ.
392 3821 422 3880 11
442 3843 507 3905 pag.
530 3831 614 3900 1240.
636 3823 714 3889 Vide
734 3826 861 3906 ejusdcm
883 3827 905 3884 F
908 3825 1004 3884 erratii
1026 3825 1115 3888 vitam
1134 3846 1199 3909 pag.
1220 3828 1270 3908 84.

379 3930 429 4008 (a)
452 3930 520 3990 Act.
540 3931 644 3994 Beatil.
667 3934 711 3994 T.
731 3935 776 4002 lV
794 3935 935 3999 Sumtnar.
955 3955 1023 4018 pag.
1043 3934 1091 3996 26.
1110 3931 1162 4018 95.

378 4036 428 4115 (5)
448 4035 525 4100 lbid.
543 4057 610 4122 pag.
634 4041 699 4124 167.
