3259 4959
644 535 806 609 VITA

367 767 620 881 Jacout
655 759 1084 882 FACClOLATI

266 1350 455 1504 Narranti
475 1423 560 1504 mibi
580 1431 622 1502 de
642 1433 788 1524 patavini
808 1428 987 1504 Seminarii
1009 1429 1088 1501 viris
1107 1429 1248 1517 illustri<

219 1547 302 1636 bus,
320 1550 413 1622 nefas
437 1553 616 1644 praeterire
644 1539 778 1622 silentio
804 1551 966 1623 iacobum
996 1542 1243 1634 Fasciolatum,

219 1666 276 1754 qui
297 1669 478 1759 plurimum
497 1666 550 1736 eui
573 1665 720 1735 nominis
739 1664 830 1734 fairra
858 1663 1000 1733 contulit
1019 1658 1061 1732 ad
1090 1661 1240 1756 ejusdem

218 1784 396 1859 Serninarii
414 1785 664 1858 celebritatem.
688 1784 784 1855 Lioet
803 1784 918 1875 itaque
942 1797 976 1852 et
995 1778 1056 1852 alii
1085 1797 1183 1852 autea
1202 1783 1245 1854 de

218 1905 277 1975 illo
296 1905 487 1999 scripserint
505 1907 578 1997 (t),
597 1922 632 1976 et
661 1904 842 1974 novissime
872 1898 1076 1972 clarissimus
1100 1899 1151 1971 vir
1178 1903 1243 1971 Fa-

218 2021 354 2095 bronius
377 2025 484 2094 uitam
503 2010 610 2114 ipsius
629 2021 794 2108 edideril3
814 2042 918 2112 pauca
937 2015 1100 2113 quaedam
1129 2038 1163 2092 et
1182 2043 1244 2111 ego

216 2137 347 2224 dicam,
367 2163 409 2208 ue
427 2137 603 2208 uideantur
619 2152 806 2205 nostrarum
832 2157 941 2206 rerum
960 2133 1101 2204 studiosi
1125 2136 1233 2227 magis

221 2250 351 2333 exteri,
373 2270 476 2339 quam
494 2271 554 2315 nos
572 2245 661 2338 ipsi.

267 2360 411 2434 lacobus
426 2359 630 2430 Faaciolatus
647 2360 783 2430 ineunte
801 2383 888 2432 anno
901 2355 1047 2432 secundo
1062 2373 1137 2452 post
1156 2381 1246 2440 octo.

221 2481 386 2574 gesimunt
406 2479 529 2552 saeculi
549 2473 676 2567 XVII,
694 2481 803 2571 pridie
821 2481 950 2553 seilicet
971 2479 1087 2553 Nonas
1118 2482 1245 2555 lanua.

224 2602 290 2671 rias
309 2615 407 2671 natus
429 2617 481 2670 est
496 2599 690 2686 Tonsillas,
718 2621 793 2670 rure
826 2623 892 2671 uon
918 2600 1116 2690 inamoeno,
1143 2604 1246 2675 colles

221 2715 310 2784 inter
335 2732 497 2807 euganeae
524 2713 617 2784 sito.
652 2713 800 2784 Lilserali
828 2715 900 2811 ejus
925 2715 1038 2786 indole
1064 2733 1181 2807 eaptus
1205 2719 1243 2787 B.

220 2827 399 2919 Gregorius
423 2827 624 2898 Barbadious
657 2851 699 2899 ea
725 2842 922 2918 tempestate
946 2829 1120 2922 episcopus
1151 2848 1248 2922 pata·

220 2947 340 3032 vinus,
357 2944 516 3017 eumdem
535 2944 579 3017 ad
598 2965 760 3020 trassame
777 2953 835 3046 (2)
854 2949 1042 3048 Collegium
1061 2951 1154 3022 misit
1173 2951 1244 3045 pri-

220 3059 284 3130 mis
302 3060 422 3131 littaris
441 3061 674 3134 erudiendum.

273 3178 517 3248 Duodecimum
547 3197 623 3251 tuna
647 3182 707 3252 ille
734 3181 856 3274 agebat
882 3180 1001 3254 aetatis
1023 3205 1167 3268 aunum,
1184 3201 1251 3272 quo

220 3287 402 3379 completo,
417 3290 460 3359 ab
482 3294 600 3363 eodem
617 3295 716 3365 beato
733 3296 804 3366 viro
821 3297 858 3366 iu
876 3297 1099 3396 Seminarium
1117 3303 1254 3375 translaae

573 3437 736 3466 mm
740 3437 907 3467 ΜΜΜΜ

268 3543 319 3623 (1)
340 3539 420 3606 Vide
438 3539 573 3604 Brueier.
595 3543 751 3606 Pinacoti.
771 3545 918 3628 Scriptum
939 3559 1039 3610 nostre
1058 3563 1161 3624 aetate
1190 3557 1246 3617 lit-

221 3654 295 3712 teris
313 3652 492 3726 illustrium,
511 3649 628 3712 Decsd.
651 3647 711 3712 Vt.
730 3649 841 3714 Christ.
859 3655 926 3717 Su.
945 3655 1051 3720 Ouum.
1080 3657 1166 3722 Tom.
1179 3659 1241 3724 Vl.

221 3775 295 3840 pag.
311 3754 380 3816 215.
399 3768 428 3816 et
447 3755 561 3816 Amal.
578 3775 652 3838 pag.
666 3757 737 3820 661.

267 3865 317 3942 (a)
339 3861 417 3926 Vide
437 3862 618 3946 Opuseulum
638 3866 688 3928 De
702 3868 850 3945 singulari
870 3867 906 3930 B.
938 3867 1080 3949 Gregorii
1097 3867 1252 3932 Barlodi·

225 3969 257 4029 εἰ
274 3970 374 4030 studio
388 3979 420 4028 et
437 3988 537 4028 amore
558 3969 589 4028 iu
609 3968 807 4030 Seminarium
823 3974 995 4052 petoritum
1013 3991 1079 4056 esp.
1103 3977 1150 4046 ¹4
