3259 4959
524 328 563 377 ι.
587 319 975 381 aurnuummmm
1180 315 1245 409 169

272 454 485 545 Quamquam
503 450 560 521 uhi
581 448 673 541 iproa
690 449 782 521 ridet
797 450 1025 523 auctoritatem
1039 475 1172 526 omnem
1189 463 1251 526 au-¹

220 564 335 638 dacius
355 586 508 658 apernere
523 562 680 650 ,eoadem
704 562 831 633 ratione
850 563 1056 657 aggreditur:
1075 564 1163 636 hano
1174 567 1244 638 illio

227 680 455 750 firmissimum
474 677 567 771 quasi
587 698 718 746 murum
742 677 903 768 opponit,
922 700 965 747 ne
988 677 1143 769 dogmata
1162 678 1246 749 diri·

225 799 377 891 piantur.
390 798 467 869 Non
487 796 624 867 deerunt
642 792 780 865 fortunae
791 847 802 881 ,
814 794 872 888 qui
891 793 996 866 velint
1012 796 1123 888 ipsum
1138 796 1251 868 adhue·

221 912 358 981 ulteriua
378 909 554 1003 progredi,
577 924 613 979 et
631 907 787 977 interiora
813 908 971 979 temtari.
995 911 1037 979 ln
1054 910 1118 981 hoo
1151 912 1248 1001 equi·

221 1027 298 1101 dem
328 1028 371 1098 ab
398 1028 442 1096 iia
461 1026 644 1109 dissentio,
663 1040 698 1093 et
719 1025 894 1095 Trirellati
920 1025 1098 1097 eonsilium
1121 1027 1246 1100 laudo.

223 1143 491 1237 Temperantia
520 1140 685 1231 siquidem
717 1138 975 1229 prudentieoime
1002 1142 1137 1233 ingenio
1163 1168 1247 1230 auo,

220 1282 259 1332 ut
278 1284 313 1331 ae
341 1260 569 1331 commodaret
593 1256 743 1327 omnium
766 1256 1029 1349 intelligentiae.
1054 1260 1249 1353 Discipulo·

221 1402 295 1447 rum
315 1377 501 1447 utilitatem
521 1373 557 1443 in
581 1371 719 1465 primia,
734 1373 863 1443 nonani
883 1374 1164 1465 praedicationem
1177 1400 1249 1469 rpe-

224 1493 349 1564 oravit.
369 1488 567 1563 Laudabilia
588 1487 707 1559 maluit
726 1487 853 1577 lacere,
873 1514 974 1583 quarn
997 1492 1145 1593 laudari.

276 1604 374 1674 Plura
404 1602 533 1690 edidit,
564 1602 607 1672 do
636 1601 756 1693 quibua
780 1602 908 1694 optime
927 1603 1177 1695 ephemeridum
1201 1606 1252 1677 rei

222 1720 406 1793 littorariae
425 1720 606 1812 roriptorea
626 1718 699 1810 (r).
720 1718 856 1790 Notubo
884 1683 1015 1818 ringula
1026 1774 1037 1808 ,
1056 1721 1100 1793 ad
1121 1724 1251 1801 exitum

225 1834 414 1907 narratione
432 1833 611 1926 perducta.
630 1833 694 1902 Per
721 1832 804 1905 haee
832 1833 923 1904 idem
950 1836 1059 1928 magio
1085 1838 1251 1931 innotuit,

224 1967 260 2046 et
283 1951 318 2021 in
337 1974 374 2023 re
397 1949 560 2021 excitavit
586 1946 726 2017 aliorum
748 1946 884 2018 studia.
908 1949 1061 2044 Patavini
1084 1951 1253 2022 antistites

224 2090 357 2139 renuere
375 2067 417 2139 de
440 2068 501 2137 illo
519 2064 756 2157 perhonorifice
770 2116 781 2150 ,
794 2064 884 2133 soliti
901 2064 1012 2153 iprum
1031 2066 1175 2158 benigne
1196 2092 1253 2141 ex·

223 2184 356 2275 cipere,
375 2200 409 2252 et
427 2184 618 2253 humaniter
640 2203 716 2247 eum
735 2202 775 2249 eo
795 2179 919 2249 vernari
938 2196 973 2249 et
994 2180 1160 2271 colloqui.
1175 2186 1255 2266 Ma,

223 2322 289 2392 gno
313 2315 485 2390 praeterea
505 2298 540 2367 in
560 2298 682 2367 honoro
706 2296 768 2367 luit
788 2296 878 2388 apud
896 2296 983 2367 viror
1003 2297 1118 2369 doctor
1134 2316 1170 2369 et
1191 2300 1252 2371 lit-

225 2430 367 2487 terator.
390 2414 552 2487 Omnium
571 2413 719 2484 maxime
739 2413 805 2483 ribi
825 2413 999 2484 devinctos
1018 2411 1138 2485 habuit
1156 2416 1253 2507 Hya·
1320 2427 1324 2436 '

224 2527 376 2600 ointlrum
395 2528 493 2617 Serry
522 2542 557 2598 et
584 2526 747 2598 loannem
775 2524 999 2613 Gratianum,
1024 2525 1090 2598 duo
1120 2527 1250 2620 publici
1319 2590 1323 2598 ,

224 2646 374 2738 patarini
393 2644 569 2736 Gymnarii
589 2642 758 2736 praeclara
769 2644 927 2735 ingenia.
943 2643 1065 2716 Eidem
1086 2644 1175 2715 dono
1195 2646 1253 2717 de·

225 2764 277 2835 dit
295 2763 397 2836 libror
417 2790 437 2835 a
456 2787 492 2835 oe
514 2762 679 2835 conlector
696 2761 930 2834 celeberrimae
948 2778 983 2833 et
1002 2762 1251 2835 eruditiorinmr

225 2881 373 2955 Bertiur.
398 2882 540 2952 Oblatuu
558 2877 624 2971 ipsi
642 2894 813 2971 praeterea
836 2878 918 2968 fuit,
941 2880 1072 2951 civibus
1091 2880 1253 2974 plauden-

226 2992 315 3065 tibua
336 3011 371 3066 ot
389 2992 531 3079 amieis,
564 2992 674 3063 aditur
704 2992 747 3063 ad
766 2990 938 3083 publicum
961 2994 1103 3065 docendi
1129 3018 1252 3067 munuc

226 3108 264 3177 in
282 3106 379 3201 huiur
409 3106 499 3177 urbis
518 3106 815 3198 Archigymnaaio.
848 3108 943 3178 Unua
965 3108 1023 3179 ille
1041 3132 1114 3179 rara
1145 3108 1251 3181 animi

228 3224 456 3297 moderatione
475 3223 541 3296 eibi
561 3224 711 3310 obstitit,
730 3248 772 3295 ne
792 3225 835 3295 ad
854 3241 984 3299 rantum
1007 3224 1143 3297 honoria
1172 3250 1249 3321 gra·

228 3341 308 3413 dum
329 3342 540 3413 eveheretur.

273 3460 366 3537 liaeo
383 3460 555 3553 perspicue
571 3462 899 3555 ostendunt,qnanta
917 3479 1007 3534 erret
1023 3463 1115 3535 illius
1129 3462 1249 3537 doetri-

265 3754 318 3836 (1)
339 3750 462 3817 Novello
483 3628 866 3837 &firmericuria
894 3776 962 3816 ann,
987 3762 1063 3838 ¹74⁰
1080 3778 1149 3841 με,
1171 3758 1245 3835 3⁶4.

231 3868 347 4051 2⁶¹}ss
370 3856 444 3945 ¹75¹
465 3876 531 3975 pte·
550 3876 601 3941 9¹·
621 3856 881 3925 sumturum·
899 3854 1020 3924 d‘lnlia
1038 3858 1243 3962 vetrum,
