3259 4959
1145 402 1235 453 xm

224 526 354 600 dicendi
375 528 458 599 ratio
474 583 485 614 ,
500 552 584 620 quae
603 526 706 619 ipsius
726 522 858 616 propria
888 523 1023 595 omnino
1051 522 1133 611 fnit,
1153 527 1236 598 adeo

226 648 331 717 nitida
354 664 388 715 et
407 664 546 739 aperta,
567 663 602 715 ut
621 645 705 713 nihil
725 643 903 735 liquidius,
935 667 1002 712 non
1030 642 1141 733 aliqua
1170 670 1239 715 am·

223 760 383 850 biguitate
403 759 587 845 sermonis,
616 783 681 828 non
713 758 828 828 multis
856 775 980 828 temere
1012 759 1237 845 coacervatis,

222 898 287 941 non
315 876 419 944 nimio
438 872 571 965 ingenio
589 890 622 942 et
641 872 794 943 acumine
821 872 959 942 obscura
992 890 1026 942 et
1052 874 1239 957 adstricta,

222 992 282 1061 sed
302 997 413 1085 ample
443 991 563 1063 diffuse
592 1008 626 1061 et
644 991 740 1084 quasi
756 992 985 1061 circumfluens
1014 992 1108 1059 uberi
1129 1013 1239 1061 rerum

225 1113 516 1204 amplificatione,
550 1130 626 1203 apta
661 1114 892 1203 exemplorum
921 1128 955 1181 et
981 1110 1241 1181 similitudinum

223 1230 339 1319 copia,
362 1228 470 1299 verbis
490 1228 588 1319 plane
608 1225 736 1313 obuiis,
755 1245 790 1295 ut
809 1244 981 1318 propterea
1001 1226 1109 1294 nullus
1141 1224 1242 1293 intel-

225 1349 351 1441 ligendi
372 1348 465 1418 labor
484 1350 527 1417 iis
547 1346 665 1433 fuerit,
694 1348 751 1439 qui
778 1349 876 1418 illurn
906 1346 1101 1415 audiebant.
1133 1347 1243 1434 Quam

226 1470 348 1559 planae
384 1470 554 1537 enimvero
587 1484 664 1535 sunt
700 1486 732 1536 et
777 1468 943 1537 dilucidae
975 1464 1045 1556 ejus
1078 1464 1242 1535 orationes

226 1586 242 1674 (
256 1576 339 1675 qu'aa
379 1586 519 1653 libenter
547 1588 803 1674 commemoro)
833 1584 875 1651 de
901 1582 974 1650 utili
995 1598 1029 1649 et
1060 1578 1246 1649 necessaria

229 1706 408 1774 multarum
428 1728 535 1773 rerum
567 1704 794 1793 perceptione,
816 1705 857 1773 de
887 1701 1007 1771 litteris
1027 1724 1064 1769 ac
1095 1698 1244 1769 scientiis

227 1839 342 1893 mutua
361 1848 423 1913 ope
440 1840 472 1891 et
493 1824 617 1892 auxilio
638 1824 862 1914 indigentibus
890 1879 900 1910 ‚
935 1824 976 1893 de
1003 1822 1068 1904 iis,
1097 1844 1181 1909 quae
1207 1818 1244 1888 in

226 1942 334 2030 poetis
355 1940 515 2008 laudanda
538 1956 633 2025 sunt,
648 1940 701 2008 vel
722 1940 957 2027 vituperanda,
975 1938 1015 2006 de
1035 1932 1245 2025 politioribus

232 2051 384 2154 artibus,
404 2078 487 2143 quae
507 2054 550 2122 ad
567 2052 714 2120 hominis
734 2052 928 2121 felicitatem
961 2051 1139 2140 plurimum
1171 2073 1247 2117 con-

230 2166 362 2237 ferunt!
386 2169 516 2237 Clarius
545 2192 586 2235 ne
608 2184 736 2255 poterat
766 2186 799 2233 et
826 2174 969 2255 apertius
997 2166 1145 2251 ostendi,
1171 2165 1245 2254 quis

232 2282 311 2349 ordo
332 2278 595 2347 adolescentibus
616 2278 775 2344 tenendus
795 2278 839 2345 sit
857 2280 893 2344 in
913 2278 1059 2345 scientiis
1079 2276 1248 2345 addiscen-

237 2392 314 2463 dis?
333 2390 463 2481 Quibus
483 2390 523 2457 de
543 2391 650 2457 causis
685 2390 892 2480 eloquentiae
916 2392 966 2459 vis
991 2392 1247 2480 corrumpatur?

232 2506 300 2574 Cur
320 2505 406 2572 intra
424 2504 503 2571 fines
523 2502 719 2592 disciplinae
733 2504 797 2571 sibi
819 2503 1003 2595 propositae
1014 2504 1134 2573 debeat
1151 2527 1247 2572 unus

231 2619 369 2708 quisque
390 2640 426 2684 sc
445 2616 645 2684 continere?
664 2616 782 2706 Neque
803 2612 878 2685 tero
893 2642 949 2685 vos
969 2617 1106 2685 arbitror
1125 2616 1247 2685 oblitos

231 2754 302 2801 csse
313 2784 322 2815 ,
342 2756 406 2821 qua
425 2730 592 2799 evidentia
612 2730 759 2799 docuerit
777 2730 938 2820 optimam
958 2732 1178 2799 instituendae
1199 2731 1246 2826 jn·

137 2872 139 2875 ·
232 2852 377 2919 ventutis
397 2851 557 2919 rationem
578 2850 676 2921 sitam
698 2874 769 2919 esse
789 2850 823 2919 in
844 2869 920 2941 apta
946 2850 1094 2920 omnium
1124 2849 1246 2919 mentis

231 2964 424 3039 facultatum
444 2969 627 3040 eruditione
647 2986 744 3061 atque
772 2970 917 3055 cultura,
945 2970 1110 3060 poeticam
1137 2987 1243 3052 artem

233 3087 405 3178 ingenium
425 3110 554 3157 surnme
574 3089 744 3157 excultum
777 3112 815 3156 ac
835 3089 1032 3179 perpolitum
1053 3088 1216 3179 requirere
1235 3119 1248 3177 3

234 3206 370 3273 oratoris
407 3228 479 3275 esse
503 3206 662 3291 efficere,
691 3222 727 3275 ut
758 3228 809 3275 res
838 3206 873 3275 in
900 3232 1013 3276 sensus
1044 3232 1157 3276 eorum
1191 3208 1249 3297 qui

233 3318 371 3389 audiunt
390 3346 488 3411 quarn
503 3321 649 3389 maxime
668 3321 826 3406 influant,
847 3338 881 3389 et
898 3322 1099 3408 illabuntur3
1127 3324 1248 3393 huma-

234 3435 328 3509 niora
346 3438 455 3508 studia
475 3442 518 3511 ad
538 3440 686 3531 graviora
705 3440 768 3509 iter
787 3440 973 3531 patefacere
1000 3457 1034 3509 et
1061 3440 1149 3512 riam
1167 3439 1246 3511 faci·

234 3556 300 3629 lius
320 3557 497 3649 explanare
514 3610 521 3626 .
542 3558 607 3628 Sed
627 3560 775 3629 omnium
794 3560 929 3629 laudum
949 3584 1080 3629 suarum
1099 3559 1248 3630 maxima

141 3700 143 3704 ·
238 3688 273 3741 et
291 3672 574 3761 praestantissima
599 3690 650 3742 est
681 3674 855 3765 eloquendi
890 3673 1115 3765 simplicitas,
1147 3698 1246 3763 quam

238 3785 362 3857 eximia
381 3812 544 3879 quamque
563 3786 728 3881 jucunda!
751 3788 854 3881 Cujus
869 3789 960 3858 enim
994 3813 1059 3857 non
1094 3788 1248 3879 implevit

236 3920 331 3969 aures
350 3898 408 3968 illa
427 3925 509 3987 vox,
525 3901 713 3993 incorrupta
725 3904 813 3973 Latii
834 3903 1017 3989 imitatrix,
1029 3904 1086 3973 ille
1102 3904 1248 3972 delectus
1320 3966 1325 3977 ,

233 4016 365 4109 elegans
384 4017 583 4111 optimorum
603 4022 776 4099 verborum
796 4045 848 4095 res
867 4023 1001 4117 proprie
1020 4036 1161 4112 apteque
1187 4016 1248 4110 deq
