3259 4959
418 332 487 426 274
902 345 987 404 vm

420 476 554 568 scripsit
575 472 744 557 carmina,
771 471 832 542 sed
859 488 892 542 et
919 471 1037 542 habuit
1066 494 1133 540 non
1151 475 1257 544 semel
1286 475 1415 566 publice
1430 499 1443 570 ,'

420 596 615 690 pracsertim
633 597 773 664 Parmae
792 591 975 684 descriptus
995 593 1031 661 in
1050 615 1125 663 earn
1149 593 1337 679 coloniam,
1356 623 1443 689 quae

420 718 501 785 illuc
517 733 562 786 ex
575 736 715 784 nomana
734 712 900 797 Arcadio,
920 735 960 780 eo
980 733 1109 802 quoque
1133 727 1250 803 agente
1260 765 1271 798 ,
1299 713 1442 790 deducta

419 829 526 899 terat
545 879 554 897 .
575 827 629 898 Ad
660 822 826 896 haec'ille
853 825 1019 895 declinare
1046 847 1295 918 nonnumquam
1324 831 1443 902 solitus

423 966 494 1020 erat
511 947 614 1019 etiam
634 962 800 1039 postrema
821 957 948 1030 aetate,
968 939 1051 1016 haec
1069 945 1163 1037 quasi
1188 944 1379 1020 diverticula
1408 975 1444 1020 a·

419 1088 538 1134 moena
556 1084 732 1155 quaerere,
748 1078 786 1130 ut
805 1060 966 1130 relaxaret
987 1058 1147 1150 tantisper
1166 1059 1314 1132 animum
1334 1088 1371 1134 ac
1391 1091 1442 1135 re·

420 1183 606 1253 mittereta
634 1178 901 1250 contentionibus
926 1179 1086 1264 summis,
1115 1176 1440 1271 quasimpeudebat

422 1295 553 1366 assidue
581 1291 617 1363 in
647 1293 897 1385 disciplinarum
925 1291 1104 1378 sublimia,
1129 1291 1305 1386 praecipue
1323 1278 1359 1364 in
1384 1320 1438 1370 ree

417 1408 670 1481 mathematicae
684 1455 693 1476 .

464 1527 643 1594 Petebatur
665 1519 756 1592 enim
774 1521 804 1590 is
823 1515 866 1590 ad
889 1515 1080 1614 hujusmodi
1098 1515 1207 1590 studia
1226 1545 1301 1592 cum
1315 1521 1436 1596 intimo

418 1643 562 1733 ‘quodam
583 1657 717 1711 naturae
736 1640 883 1730 impulsu
894 1692 905 1726 ,
926 1657 996 1708 turn
1024 1636 1242 1731 condiscipuli
1263 1641 1435 1714 Vincentii

417 1759 558 1831 Ricoatii
574 1760 729 1852 exemplo
747 1760 823 1851 (1),
840 1783 939 1852 quem
958 1757 1102 1830 loturum
1128 1758 1164 1827 in
1188 1759 1434 1832 mathematicis

418 1875 515 1966 louge
529 1875 689 1945 eximium
709 1873 777 1968 jam
798 1889 868 1943 turn
888 1868 1038 1944 homines
1057 1895 1121 1944 non
1140 1889 1262 1944 temere
1278 1873 1342 1944 sibi
1363 1877 1429 1966 pol·

417 1991 628 2064 licabantus.
658 1993 841 2063 Plurimum
869 1993 1008 2064 contulit
1037 1991 1219 2064 similitudo
1246 1996 1431 2068 studiorum

414 2114 459 2182 nd
487 2115 626 2184 alterum
654 2111 750 2183 alteri
776 2111 1041 2201 conciliandum,
1066 2131 1103 2184 et
1126 2114 1168 2184 ad
1191 2112 1433 2188 incrementum

413 2226 504 2298 illius
524 2229 739 2320 disoiplinae‚
758 2251 844 2320 quac
864 2243 1037 2320 utrumque
1057 2229 1204 2299 maximo
1228 2231 1377 2318 ornavit,
1395 2249 1430 2301 et

414 2339 696 2429 spectatissimum
716 2342 880 2412 reddidit.

463 2453 513 2522 Ac
531 2455 715 2547 Bellogradi
728 2453 865 2547 quidem
883 2477 1006 2526 nomeu
1024 2453 1184 2528 celebrari
1205 2456 1364 2549 coepitio
1384 2475 1433 2528 to-

414 2582 452 2636 ta
478 2568 578 2638 ltalia
602 2585 638 2639 et
656 2569 691 2638 in
715 2569 905 2662 regionibus
929 2570 1032 2642 etiarn
1059 2572 1181 2642 exteris
1214 2590 1248 2642 et
1275 2576 1430 2644 remoris.

414 2687 552 2757 Praeter
568 2688 667 2759 italas
686 2689 795 2782 plures
813 2690 911 2760 urbes
921 2689 1013 2780 ,ipse
1032 2689 1267 2782 Hispaniarum
1284 2715 1340 2762 rex
1358 2699 1434 2766 For-

414 2808 580 2883 dluandus
597 2807 758 2881 iacobum
782 2809 824 2879 ad
844 2832 879 2878 se
898 2808 1073 2893 invitavit,
1093 2825 1129 2878 ut
1148 2810 1325 2882 mathesim
1354 2835 1432 2904 pro·

411 2929 561 3000 meretur
575 2928 729 3004 Macrim*
737 2928 836 2999 Votis
850 2928 999 2997 omnium
1019 2953 1057 2998 nc
1070 2928 1188 3000 studiis
1204 2931 1320 3000 Panna
1342 2957 1432 3022 prac-

414 3044 536 3114 valuit.
555 3029 603 3115 da
627 3047 662 3115 in
681 3071 741 3115 suo
768 3041 828 3115 ilio
847 3044 938 3136 regio
957 3043 1231 3134 Archigymnasio
1249 3045 1356 3114 locum
1375 3071 1432 3138 pa.

405 3175 486 3228 tere
505 3159 608 3229 voluit
625 3160 819 3253 Bellogrado
838 3161 945 3231 adhuc
971 3156 1083 3256 juveni
1102 3157 1171 3253 ejus
1194 3157 1323 3228 virtutis
1350 3185 1433 3231 con-

416 3277 484 3346 scia
495 3306 506 3368 ;
526 3305 564 3348 ac
583 3280 650 3349 suis
669 3282 761 3374 quasi
779 3281 932 3350 manibus
951 3281 1062 3373 ipsum
1081 3277 1212 3349 sustulit
1230 3295 1265 3347 et
1287 3278 1431 3350 colloca·

414 3395 465 3464 sit
481 3397 516 3466 iu
535 3398 710 3471 cathedra.
742 3402 855 3474 Nimis
868 3423 1098 3494 ‘praepropere
1129 3398 1301 3468 videbatur
1319 3415 1430 3467 tantus

411 3509 519 3586 honor
534 3518 571 3588 in
589 3543 664 3589 eum
682 3520 823 3594 conferri
834 3577 844 3612 ‚
863 3535 927 3596 nec¹
953 3521 990 3594 id
1017 3519 1087 3614 pati
1111 3517 1257 3610 religiosi
1285 3517 1356 3609 ejus
1372 3541 1432 3586 or-

409 3633 504 3706 dinis
527 3642 746 3713 consuetudo:
773 3646 819 3714 At
848 3645 931 3716 haec
954 3647 1059 3716 -cessit
1083 3635 1251 3718 communi
1281 3633 1368 3705 hono
1396 3651 1433 3704 et

748 3841 1084 3886 'amnemamnem

434 4015 506 4116 ’(1)
527 4013 688 4084 Commeat.
706 4018 754 4083 cit.
773 4039 838 4106 pag.
860 4043 909 4088 ao.
928 4045 979 4088 21.
