3259 4959
810 506 1003 613 ,utra

588 732 879 878 retortu
915 719 1256 854 zrrtouur

385 1602 388 1609 ·
459 1485 655 1655 Calendis
685 1561 796 1656 Maii,
824 1570 910 1630 anuo
935 1558 1032 1630 tertio
1058 1576 1091 1631 at
1118 1562 1332 1653 nonageslmo
1356 1590 1431 1638 aas,

413 1680 480 1748 ruli
498 1682 602 1750 XVII
628 1679 735 1748 editus
757 1690 806 1747 est
827 1678 956 1748 Patavii
976 1680 1139 1749 Antonius
1158 1682 1354 1769 Zauolinus,
1374 1683 1433 1760 lits

414 1799 528 1867 toratls
541 1798 675 1889 quidem
695 1796 865 1882 omnibus,
886 1796 945 1873 sed
961 1796 1162 1875 amatoribus
1180 1798 1364 1892 linguarum
1379 1824 1434 1883 veo

421 1930 528 1988 terum
547 1912 723 2007 praecipue
745 1934 860 1991 carus.
881 1912 1039 1992 Parentes
1056 1911 1173 1991 habuit
1189 1916 1350 1997 ,ioannem
1366 1918 1433 1985 Za·

415 2032 569 2109 uolioum
606 2048 639 2103 et
670 2032 802 2111 ,lunam
833 2029 875 2113 de
898 2030 1081 2119 carrariis,
1100 2033 1237 2110 honesto
1259 2055 1379 2125 genere
1397 2057 1434 2107 ra

416 2166 568 2243 trumque
590 2166 727 2221 natum.
751 2150 885 2227 ‚lunum
902 2166 1057 2241 quartum
1075 2174 1114 2224 ae
1132 2150 1297 2224 decimum
1314 2149 1345 2221 is
1365 2151 1433 2225 im.-

414 2271 669 2364 plevorat,cum
687 2268 783 2363 hujus
802 2268 979 2342 seminarii
999 2268 1142 2347 alumnis
1162 2269 1344 2361 adsedptua
1358 2288 1426 2360 ert,

413 2389 468 2459 lv
490 2388 617 2459 seilicet
643 2386 806 2459 Coleudas
834 2386 1012 2456 Decembr.
1032 2412 1108 2461 aon.
1137 2412 1233 2481 ¹7⁰7·
1257 2390 1431 2462 Institutas

415 2523 512 2582 antea
536 2504 760 2599 grammaticis
787 2506 1094 2597 praeceptionibus,
1122 2507 1236 2577 statim
1252 2507 1361 2599 eoepit
1387 2510 1433 2591 ati

402 2620 656 2701 ,humanitatem
680 2616 888 2711 politioribus
906 2619 1026 2691 litteris
1043 2617 1234 2696 informari.

461 2740 645 2818 Plurimum
664 2723 824 2810 memoria
843 2737 947 2807 valuit
956 2765 968 2826 3
985 2760 1135 2831 quaeque
1148 2762 1230 2832 puer
1239 2738 1365 2832 legerat
1377 2737 1433 2819 vel

415 2855 586 2943 audierat,
604 2878 707 2937 senet(¹
725 2855 942 2931 meminerat.
958 2857 1039 2932 Erat
1062 2856 1189 2946 peracri
1209 2855 1342 2950 ingenio
1351 2856 1433 2943 ,llas

415 2952 521 3063 grimti
542 2974 669 3060 studio,
700 2970 850 3041 distendi
870 2972 1027 3043 aviditate
1056 2972 1273 3051 inexhausta,
1293 2953 1434 3061 Hisbo-2

416 3084 556 3157 sedebat
581 3085 698 3177 ingens
714 3084 857 3175 corporis
883 3084 1022 3153 firmitas
1053 3106 1091 3152 ae
1124 3105 1226 3174 prope
1256 3084 1435 3175 herculea,

417 3198 625 3277 erarrtlandis
658 3194 861 3289 quibuslibet
891 3196 945 3270 vel
971 3195 1132 3287 improbis
1156 3220 1216 3289 par
1241 3196 1433 3281 laboribus,

416 3302 489 3401 ilat
509 3334 601 3401 tanta
624 3302 824 3393 liberalitate
841 3332 978 3394 naturae
998 3314 1142 3408 gaudens
1160 3316 1323 3387 Antonius
1350 3334 1436 3389 «tete,

415 3432 462 3517 ris
490 3436 647 3509 antistare
667 3434 813 3522 solebat,
834 3434 982 3529 praemia
999 3432 1139 3521 referre,
1159 3435 1280 3517 mirum
1306 3432 1342 3503 in
1360 3459 1435 3508 mo-

416 3555 497 3630 dum
521 3556 692 3649 progredi.
717 3554 804 3626 lllud
827 3554 1014 3647 peculiare:
1041 3552 1203 3647 quidquid
1238 3551 1433 3635 discendum

417 3672 486 3753 eibi
510 3692 728 3767 proponeret,
752 3674 822 3745 siue
851 3673 996 3766 linguas,
1020 3674 1091 3750 siue
1123 3671 1325 3756 amoeniores
1343 3670 1437 3752 litte·

417 3808 473 3867 ras
480 3838 492 3871 ,
507 3785 576 3855 sive
590 3788 767 3874 scientias,
783 3789 819 3861 io
838 3811 878 3859 eo
902 3787 984 3857 arleo
1003 3784 1208 3872 excellebat,
1221 3801 1258 3855 ut
1271 3799 1366 3854 natus
1379 3806 1435 3875 pos

418 3905 586 3984 tissimum
603 3908 766 3979 videratur
784 3907 826 3977 atl
844 3905 927 3977 illud
933 3936 943 3994 3
956 3927 1055 3997 quem
1075 3922 1187 3985 tamen
1201 3902 1244 3972 ad
1258 3899 1370 3973 omnia
1387 3898 1435 3974 ta.

418 4041 511 4109 curru
533 4051 601 4111 pou
619 4027 691 4100 sine
713 4026 932 4109 admiratione
951 4040 1110 4105 testantur
1137 4017 1435 4127 ipsiusmagistti,
