3259 4959
413 339 481 436 436Γ
896 350 981 416 tmt

454 484 651 558 Litterariae
669 485 899 577 ephemerides
917 489 1182 562 mediolanenses
1199 492 1241 563 de
1259 481 1323 564 lrac'
1341 505 1448 588 praes

413 602 537 671 futione
571 602 674 671 multa
707 625 782 670 cum
813 602 910 671 laude
939 604 1022 694 (t).
1051 606 1298 676 Commendant
1329 613 1443 682 etiam

413 718 631 809 praemissam
664 718 838 807 epistolam
878 719 920 788 ad
948 719 1251 792 eminentissimum
1270 725 1444 800 cardina-

413 833 480 902 lem
512 833 657 902 Priolum
685 833 877 923 episcopum
912 835 1137 924 patavinum,
1167 838 1221 906 cui
1255 863 1337 929 opus
1372 845 1443 914 troc

415 955 578 1024 dicatum.
598 953 683 1020 Cum
703 953 776 1020 istis
796 955 930 1023 omniuo
949 955 1095 1024 conciuit
1112 946 1318 1028 clarissimus
1329 937 1442 1030 Cesass

315 1099 317 1107 ⁴
414 1091 518 1146 sottus
547 1074 581 1140 in
609 1068 749 1163 epistola
779 1072 823 1140 ad
849 1074 1016 1142 Deninam
1044 1075 1129 1165 (2).
1154 1075 1205 1144 Ex
1238 1075 1281 1145 iis
1308 1101 1443 1168 porro,-

416 1215 500 1286 quae
519 1187 699 1260 novissime
719 1187 927 1278 accepimus,
953 1215 993 1259 eo
1020 1215 1152 1282 semper
1178 1192 1289 1282 ipsum
1317 1212 1444 1264 contu·

416 1311 496 1381 lisse
517 1307 668 1380 novimus
690 1335 750 1380 sua
769 1310 929 1398 consilia,
949 1318 986 1380 ut
1012 1312 1163 1406 ejusdem
1195 1315 1307 1404 operis
1337 1315 1447 1386 decus

416 1445 568 1520 augerets

463 1551 535 1618 lloc
555 1545 705 1618 absoluto
723 1544 856 1638 negotio
874 1589 884 1632 5
905 1544 1021 1619 abiens
1040 1539 1186 1640 perrexit
1204 1549 1444 1622 Montemsili-

418 1688 489 1732 uem
502 1717 512 1748 ‚
533 1663 590 1732 ubi
610 1687 675 1730 nou
708 1664 813 1732 multo
840 1679 916 1732 ante
946 1664 1139 1734 canonicatu
1163 1683 1277 1739 auctus
1307 1665 1446 1756 fuerat3

419 1807 518 1873 quern
538 1781 668 1850 dimisit
704 1803 790 1850 anno
823 1784 910 1871 1783
937 1781 1094 1854 suffectus
1122 1777 1157 1854 in
1186 1785 1294 1856 locum
1314 1787 1443 1878 Angeli

418 1894 575 1967 Sclaveni
592 1892 644 1985 (3)
666 1894 793 1966 ibidem
815 1895 964 1966 canonici
985 1892 1129 1989 theologi
1156 1915 1190 1968 et
1209 1899 1244 1968 in
1268 1901 1444 1992 Arclsigy-

418 2013 547 2082 sunosio
568 2011 724 2102 patavino
754 2009 966 2101 professoris,
1000 2028 1069 2081 tum
1099 2013 1165 2080 vita·
1185 2008 1308 2084 functi.
1330 2017 1446 2086 Num·

416 2149 516 2216 (pram
541 2141 652 2194 tamen
672 2125 831 2216 pristinus
850 2125 946 2194 ardor
969 2125 1006 2192 iu
1027 2149 1065 2194 eo
1085 2125 1232 2196 refrixit.
1262 2127 1444 2218 Quidquid

417 2263 586 2340 supererat
606 2247 671 2314 sibi
689 2247 848 2335 temporis
873 2246 916 2315 ab
935 2243 1172 2314 exercitatione
1191 2245 1242 2313 sui
1261 2249 1442 2338 muneris,

325 2431 327 2436 ,
417 2369 455 2438 id
472 2363 688 2455 impendebat
707 2362 745 2434 in
763 2362 889 2430 studiat
909 2362 1002 2430 Haec
1026 2359 1182 2428 oblivisci
1213 2382 1277 2428 nou
1306 2378 1444 2452 poterat

417 2487 468 2556 sir
486 2485 606 2554 iisdem
624 2507 644 2552 a
663 2505 764 2572 puero
795 2481 946 2551 deditus.
976 2479 1112 2551 Solebat
1146 2479 1278 2550 assidue
1304 2478 1443 2570 legere,

417 2597 634 2670 commentari
653 2613 687 2666 et
705 2595 865 2666 scribere.

460 2719 543 2786 Prae
563 2711 681 2786 ceteris
701 2727 810 2782 autem
846 2710 981 2801 scripsit
1010 2705 1187 2802 epistolam
1218 2735 1303 2780 anno
1347 2713 1442 2802 1785

414 2836 486 2906 cat
509 2834 713 2925 Septembris
733 2833 775 2902 ad
803 2833 966 2904 loannem
993 2832 1239 2922 Hieronymum
1270 2831 1441 2902 Gradoni-

415 2979 491 3025 cum
512 2956 795 3045 archiepiscopum
816 2948 1020 3038 utinensem,
1038 2975 1137 3044 quam
1176 2976 1260 3019 anno
1281 2951 1442 3040 proxime

416 3085 572 3156 sequente
592 3069 766 3138 Scruinarii
791 3067 938 3158 patavini
967 3067 1056 3156 typis
1086 3067 1254 3157 vulgavit,
1281 3090 1355 3134 cum
1387 3092 1444 3136 ar·

416 3187 645 3286 chiepiscopus
665 3187 801 3254 obiisset
826 3188 931 3276 pridie
951 3187 1145 3259 Gaetuliae
1165 3186 1261 3278 hujus
1280 3184 1440 3277 ejusdem

419 3306 516 3375 anni.
537 3305 646 3393 Quare
666 3303 724 3372 ille
744 3303 810 3371 sic:
832 3300 904 3369 Nos
923 3296 1003 3388 itti,
1024 3325 1108 3393 quoe
1124 3324 1299 3393 possumus
1315 3303 1443 3393 ‚justa

754 3545 1085 3583 mmmmmmmm

454 3727 504 3808 (1)
527 3726 665 3790 Gazzetta
693 3725 836 3787 letteraria
855 3726 886 3787 di
906 3727 1021 3788 Milano
1041 3747 1109 3786 ann.
1132 3727 1260 3808 177411.
1294 3721 1343 3787 25.
1367 3744 1439 3808 pag.

417 3853 429 3894 r
454 3837 484 3896 3.

435 3853 503 4018 9(α)
522 3943 590 4022 Pag.
614 3944 680 4004 113.
910 4022 917 4036 ·

456 4050 505 4128 (5)
526 4047 604 4120 Vide
624 4049 685 4134 ejus
704 4051 791 4117 vitam
811 4072 876 4136 pag.
892 4049 967 4114 252.
