3259 4959
565 381 688 434 tacosr
706 357 932 434 amoenam
1185 359 1254 436 aas

236 505 325 577 titos
344 507 380 576 in
398 501 587 598 hujusmodi
606 504 714 574 studio
724 503 910 596 principes.
928 505 967 574 In
986 499 1039 572 his
1058 500 1252 588 destituis,

236 618 402 711 picturis,
425 618 714 709 inscriptionibus,
741 615 997 688 numismatibus
1020 616 1069 686 ita
1100 617 1252 701 disserit,

235 751 273 808 nt
290 740 431 812 multam
449 735 612 828 praeierat
631 737 838 830 antiquitatis
858 735 1034 806 notitiam.
1053 734 1179 804 Eadem
1199 753 1261 826 ομ·

234 869 330 942 paret
350 868 385 922 et
403 854 439 920 in
457 850 584 921 duabus
603 851 678 922 aliis
696 851 844 946 ejusdem
865 851 1014 940 epistolis
1033 849 1075 919 ad
1095 849 1252 919 cumdem

236 970 374 1040 Gorium
384 1023 395 1056 ,
420 993 504 1063 quae
530 971 740 1040 continentur
757 969 925 1040 volumine
945 985 1060 1060 quarto
1078 966 1188 1058 operis
1206 967 1255 1037 sic

234 1080 406 1173 inscripti:
424 1079 573 1152 Simbole
589 1081 823 1173 letterurie(r)
835 1135 843 1151 .
856 1083 980 1153 Eadem
1000 1083 1035 1150 in
1055 1078 1254 1151 dissertatio·

232 1221 296 1285 ne,
309 1201 363 1269 cui
383 1199 517 1271 titulum
537 1200 624 1270 bunc
643 1202 770 1291 praeire
784 1202 906 1270 voluit:
927 1197 957 1268 ll
970 1209 1066 1270 trono
1080 1197 1118 1270 di
1136 1197 1256 1266 Nette-

233 1339 278 1383 no
288 1316 358 1405 (2).
379 1317 598 1406 llancpostea
621 1313 776 1384 exhibuit
792 1317 1020 1384 llavennatum
1040 1312 1256 1398 Academiae,

238 1427 274 1498 in
290 1454 389 1522 quam
401 1449 436 1502 et
454 1432 527 1524 ipse
547 1433 730 1524 descriptus
749 1429 830 1502 tuit.
848 1430 1027 1503 Academia
1046 1431 1132 1502 hanc
1148 1430 1257 1520 ipsam

235 1570 408 1640 exceptam
430 1551 599 1643 plausibus
621 1551 676 1622 edi
695 1553 864 1622 Camenae
876 1551 972 1645 jussit
989 1552 1057 1622 suis
1073 1550 1255 1641 impensis3

91 1720 98 1728 «
235 1693 320 1760 quae
339 1671 437 1760 paulo
461 1687 629 1762 postcunt
649 1671 724 1743 aliia
745 1671 1030 1748 dissertationibus
1053 1695 1162 1740 rursm
1182 1665 1254 1739 edi-

236 1797 291 1855 ta.
313 1785 448 1854 Auctori
478 1807 556 1854 vero
573 1785 638 1855 duo
666 1785 866 1855 numismata
892 1785 977 1856 dono
1000 1785 1112 1872 dedit,
1140 1807 1258 1877 argen-
1333 1787 1341 1800 '

235 1912 327 1966 teum
346 1920 465 1984 unum,
483 1899 543 1968 sed
573 1898 784 1986 inauratum,
809 1921 941 1970 aereum
970 1901 1134 1988 altemm3
1157 1917 1195 1970 ut
1223 1898 1257 1971 ei

236 2009 418 2082 declararet
435 2027 569 2102 aperte,
587 2035 689 2104 quam
717 2029 847 2104 gratum
872 2013 937 2082 sibi
965 2013 1081 2084 luisset
1107 2013 1257 2085 oblatum

209 2109 214 2116 ¹
235 2147 318 2214 opus
336 2127 412 2194 .De
430 2126 547 2197 eodem
567 2126 741 2221 splendide
760 2126 812 2194 vir
830 2126 1040 2198 doctissimus
1059 2127 1101 2198 de
1118 2129 1258 2201 la-Lan-

234 2235 278 2302 ale
296 2237 366 2324 (3).
711 2255 715 2262 '

281 2350 378 2436 Quae
395 2349 542 2418 tamdem
570 2349 611 2420 de
639 2351 873 2444 AEgyptiomm
901 2352 1117 2422 architectura
1139 2375 1257 2424 exara-

235 2465 305 2551 vit,
322 2467 493 2557 perspicue
511 2469 688 2539 ostendunt
707 2471 877 2540 bominem
898 2496 962 2542 non
982 2472 1087 2542 solum
1108 2469 1257 2543 eruditae

231 2581 445 2672 antiquitatis
464 2581 606 2670 peritum
617 2636 628 2668 ,
647 2584 705 2652 sed
726 2586 971 2656 mathematicis
991 2587 1125 2678 insuper
1151 2586 1254 2656 disci·

178 2729 182 2735 ·
237 2695 339 2790 plinis
357 2711 392 2768 st
408 2695 644 2767 architecturae
668 2713 739 2767 arte
764 2701 940 2790 insignitur
966 2700 1154 2771 institutum
1175 2700 1251 2794 (4).
1395 2761 1396 2766 ,

278 3019 329 3097 (r)
349 3019 695 3108 commentandum.
716 3025 767 3088 53.

276 3127 327 3204 (a)
350 3125 425 3190 lbid
445 3147 511 3208 pag.
535 3128 601 3191 125.

279 3229 329 3308 (ὅ)
349 3249 366 3288 n
390 3228 587 3313 Quest’opcra
607 3233 674 3314 (sio
693 3232 731 3300 ds
748 3233 916 3315 labenda)
938 3237 1050 3322 dpiena
1069 3235 1100 3301 di
1117 3235 1256 3302 eruditio-

238 3352 258 3395 ν
279 3353 316 3393 nc
335 3353 352 3392 e
369 3331 401 3392 di
421 3335 560 3399 lilosolia:
581 3340 716 3402 ciascuna
733 3339 811 3401 delle
830 3361 882 3402 suc
901 3344 977 3424 parti
997 3345 1013 3402 d
1032 3341 1198 3406 dimostrata
1224 3341 1257 3402 in

197 3494 200 3502 .
240 3458 258 3500 u
280 3458 320 3498 uu
339 3437 444 3515 modo,
463 3441 516 3507 cte
535 3465 666 3527 appaga:
686 3448 697 3508 i
716 3449 781 3510 suoi
800 3447 906 3530 giudiaj
926 3468 979 3508 son
999 3449 1086 3530 giusti
1106 3469 1121 3510 c
1146 3453 1255 3534 solidi,

235 3563 255 3605 a
277 3553 411 3622 eqossm
429 3541 505 3604 libro
524 3563 583 3606 uon
602 3547 658 3628 pud
678 3569 738 3608 nou
759 3569 918 3614 aocmseere
937 3549 967 3611 la
981 3551 1179 3634 riputaaloue,
1199 3557 1252 3620 aba

238 3641 351 3724 »gode
373 3643 421 3724 git
449 3643 472 3704 il
500 3645 589 3727 padre
613 3648 755 3732 belgrado
777 3649 828 3713 uel
855 3649 961 3714 muodo
991 3655 1149 3720 erudito».
1174 3657 1253 3726 vite

236 3743 433 3816 ,Conmentan
453 3747 591 3832 citpag.
615 3749 682 3828 145.

258 3853 333 3966 ·(¹l)
354 3853 580 4038 Gisspgsledella
599 3857 676 3922 belle
696 3860 751 3927 asti
769 3857 802 3924 di
823 3863 913 3926 doma
936 3864 1019 3948 rpdp.
1042 3865 1254 3930 Commentario

238 3966 289 4020 nt.
306 3975 372 4042 pag.
396 3979 408 4018 ι
454 4001 464 4022 .
1260 4009 1263 4018 ,
