3259 4959
392 273 462 370 dli
873 291 956 348 emt

438 423 547 508 Atque
574 413 638 484 hoc
656 413 791 506 quidem
810 438 885 484 cum
906 416 941 483 in
957 412 1033 486 aliis
1051 413 1205 485 omnibus
1233 403 1304 511 eins
1331 409 1420 492 acria

397 532 487 622 pris,
516 545 586 600 tum
614 529 650 598 in
677 525 962 598 dissertationibus
988 529 1087 620 plane
1115 549 1275 622 apparet,
1293 537 1417 626 quibus

395 649 544 716 codicem
575 645 825 736 diplomaticum
854 644 1045 736 patarinum
1074 645 1260 718 examinat.
1288 653 1418 722 Horum

395 762 487 830 enim
507 760 727 852 diplomatum
742 759 808 828 alia
829 775 997 849 tamquam
1016 757 1144 829 sincera
1163 760 1330 850 admittit,
1347 766 1417 835 alia

396 880 507 976 rejicit
524 895 561 950 ut
588 878 798 972 apocrypha,
819 900 902 969 quae
922 877 957 947 in
984 876 1038 947 his
1057 878 1284 967 continentur,
1302 882 1416 954 omnia
1512 867 1514 870 ⁵

394 993 430 1064 in
461 994 728 1089 disquisitionem
758 1016 898 1063 vocans.
930 991 1050 1062 Stilum
1082 1009 1271 1084 praeterea,
1299 1013 1412 1068 notam

394 1107 575 1199 temporis,
605 1104 855 1192 characterem,
879 1121 913 1178 et
940 1105 1005 1175 alia
1024 1104 1213 1201 hujusmodi
1241 1111 1411 1202 explorata

393 1225 594 1317 Magnorum
622 1225 725 1296 etiam
755 1225 898 1294 virorum
907 1224 1065 1336 ,quoties
1084 1241 1273 1314 occununt,
1288 1251 1413 1301 errores

392 1346 558 1437 corrigit.
583 1341 666 1416 Suae
690 1345 789 1415 haece
816 1360 982 1414 accuratas
1002 1323 1245 1414 ohservationes
1264 1349 1414 1420 extendit

394 1463 437 1530 ad
456 1487 495 1534 ea
508 1463 620 1533 omnia
640 1463 849 1555 diplomata,
862 1487 945 1556 quae
965 1447 1153 1555 prodierant
1171 1448 1337 1538 undecimi
1357 1467 1415 1538 ads

272 1647 275 1651 .
394 1607 498 1675 usque
514 1584 638 1656 saeculi
658 1583 825 1656 medium.
841 1585 979 1656 Utinam
999 1583 1074 1656 illas
1090 1585 1230 1656 aliomm
1244 1586 1330 1656 bono
1343 1589 1417 1660 edi·

390 1695 516 1768 disset!

437 1817 575 1888 Utinam
594 1817 680 1890 hanc
698 1809 962 1911 recognovisset,
979 1833 1014 1889 et
1032 1820 1221 1910 protulisset
1238 1810 1410 1894 historiam

394 1933 554 2002 ecclesiae
574 1930 771 2024 patavinae!
800 1957 899 2024 quam
923 1934 1123 2004 exarandam
1143 1952 1329 2026 susceperat
1346 1936 1412 2030 jus-

393 2074 433 2120 su
451 2051 561 2121 Caroli
581 2051 767 2124 Cardinalis
786 2037 959 2122 Rezzonici
981 2035 1062 2120 olim
1082 2050 1231 2145 equsdem
1251 2053 1409 2122 ecclesiae

395 2169 569 2264 episcopi,
587 2195 685 2263 quem
706 2191 873 2239 summurn
893 2167 1085 2238 Pontificem
1105 2185 1220 2258 postea
1247 2171 1411 2243 vidimus

394 2289 526 2360 Novem
546 2288 742 2381 etamplius
762 2287 838 2380 (uti
857 2287 950 2382 ajunt
969 2274 1208 2380 (r))'veterum
1225 2277 1410 2378 chartarum

394 2407 503 2478 millia
522 2409 587 2477 sibi
606 2408 647 2478 ad
667 2397 763 2502 hujus
784 2408 892 2499 operis
911 2407 1188 2477 constructionem
1215 2427 1411 2500 paraverat,

394 2527 487 2618 quod·
505 2527 584 2597 licet
614 2551 681 2596 nun
711 2523 909 2612 absolverit,
935 2512 1042 2598 adhuc
1070 2543 1181 2596 tamen
1201 2529 1347 2598 maximo
1374 2530 1410 2600 in

394 2640 502 2733 pretio
520 2641 709 2713 habendum
729 2666 804 2712 curn
825 2642 949 2712 eximia
965 2627 1152 2712 eruditione
1162 2695 1173 2728 ,
1187 2659 1255 2712 tum
1276 2635 1411 2715 critice.

392 2755 542 2824 Primum
563 2755 644 2827 italo
667 2778 817 2826 sermone
837 2754 946 2846 ipsum
966 2739 1162 2844 conscripsit
1176 2783 1185 2842 3
1199 2756 1276 2825 dein
1297 2757 1411 2828 latinis

396 2870 683 2942 dissertationibus
702 2863 919 2944 communiit.
941 2861 1137 2964 Numquam
1159 2859 1209 2942 illi
1229 2876 1411 2964 patientia,

394 3008 576 3076 numquam
602 2988 784 3056 constantia
810 2985 916 3055 deluit
945 2971 980 3054 in
1002 2985 1186 3071 eruendis,
1214 2987 1409 3078 colligendis

395 3123 431 3178 et
456 3104 661 3172 illustrandis
688 3106 857 3174 radiorum
886 3122 1072 3193 temporum
1101 3103 1341 3192 monumentis,
1370 3106 1411 3175 in

395 3220 596 3296 extricaudis
620 3223 914 3314 sternumentis,
937 3247 1021 3312 quae
1046 3222 1127 3292 vitio
1149 3237 1331 3350 teqrporurn
1347 3222 1414 3294 im·

395 3339 519 3431 plicata
538 3354 572 3406 et
590 3334 747 3406 obscura.
767 3329 893 3426 Magna
912 3332 975 3405 fuit
999 3334 1095 3428 hujus
1109 3335 1217 3426 operis
1237 3357 1411 3428 exspecta

395 3458 462 3527 tio.
492 3453 603 3526 Multa
622 3455 685 3525 sibi
707 3454 947 3546 pollicebantur
966 3453 1008 3522 ab
1028 3449 1089 3523 hnc
1108 3447 1246 3523 historia
1265 3451 1409 3528 eruditi.

395 3575 463 3650 scd
481 3575 646 3662 nondum,
665 3576 713 3646 uti
733 3573 879 3646 diximus
889 3623 901 3664 ,
920 3574 1035 3645 eadem
1052 3572 1195 3667 prodiit,
1223 3597 1323 3665 quam
1352 3575 1412 3648 ille

741 3745 1071 3778 “emmerammenses

440 3825 737 3906 (1)Mazzuclrellins
764 3830 797 3891 in
826 3829 897 3898 Vol.
916 3829 956 3890 ll.
971 3847 1009 3910 p.
1039 3825 1094 3892 lv.
1113 3845 1179 3910 pag.
1201 3825 1288 3904 2164.
1316 3849 1346 3888 u.
1363 3829 1419 3890 58.

394 3927 429 3997 in
447 3944 575 3995 annotat.
