3259 4959
452 339 521 440 424
908 367 990 418 vrrt

451 481 662 568 accederent,
691 495 759 550 tam
788 481 1007 565 domesticos,
1035 502 1135 571 quarn
1162 498 1332 571 ememus,
1355 486 1452 582 iisque

451 597 583 682 aderat,
613 595 741 686 quoties
769 611 899 686 rogatus
924 611 1030 679 esset,
1049 617 1115 663 nou
1135 609 1264 666 tantum
1289 623 1384 687 voce,
1400 607 1451 674 sed

451 716 554 784 etiam
574 713 714 803 scripto.
732 715 843 802 thue
862 710 1038 803 potabatur
1056 712 1165 782 valere
1180 714 1357 803 plurimum
1371 741 1453 808 prae·

451 833 567 904 sertim
587 832 622 900 in
641 854 676 900 re
695 831 844 921 poetica,
864 847 1035 923 propterea
1054 831 1325 923 interpellabatur
1343 860 1361 904 a
1386 837 1451 929 plu·

451 945 568 1033 rimis,
582 946 651 1014 sire
670 945 743 1035 quis
763 961 832 1014 turn
855 945 1000 1035 primum
1018 967 1147 1016 sacrum
1166 944 1321 1032 offerret,
1342 948 1406 1028 sire
1421 951 1450 1019 in

452 1061 605 1152 religioso
636 1060 776 1128 claustro
804 1081 842 1128 se
868 1057 1071 1142 includeret,
1090 1057 1161 1127 sive
1181 1061 1329 1131 tamdem
1355 1063 1453 1134 simile

455 1179 535 1268 quid
555 1177 738 1247 accideret.
758 1176 897 1247 Nemini
917 1177 1081 1268 repulsam
1102 1176 1220 1264 dabat,
1233 1179 1395 1250 nerninem
1414 1185 1453 1254 di·

388 1293 390 1300 '
454 1295 612 1366 mittebat
634 1321 792 1382 vacuum.

500 1417 568 1486 Aut
590 1415 663 1505 ipse
690 1412 858 1484 scribebat
886 1413 1035 1504 aliquid,
1061 1429 1119 1484 aut
1145 1412 1313 1486 dictabat.
1340 1419 1377 1486 ln
1401 1417 1451 1488 lroc

453 1533 543 1604 enim
564 1533 641 1618 ille,
662 1533 709 1602 uti
738 1533 900 1619 vidimus,
921 1557 986 1602 non
1000 1532 1159 1603 mediocri
1178 1531 1340 1605 facilitate
1356 1536 1451 1606 uteba

454 1663 521 1716 tur.
540 1650 782 1737 Recognoscere
807 1670 883 1716 vero
908 1663 943 1716 et
969 1647 1135 1737 expolire,
1162 1671 1247 1738 quae
1273 1649 1451 1740 scripserat,

455 1786 521 1831 non
540 1764 878 1854 solebat‚impatiens
896 1767 1017 1836 limae.
1032 1765 1194 1836 Laborem
1212 1767 1322 1854 buno,
1337 1769 1454 1858 opinor,

455 1882 541 1952 ferre
560 1909 622 1954 non
644 1900 771 1973 poterat
790 1883 916 1954 fervido
935 1885 1069 1974 ingenio
1087 1886 1262 1980 abreptus.

501 2005 648 2082 Minime
667 2005 798 2074 invidus
817 2004 1001 2078 laetabatur
1028 2005 1167 2078 aliorum
1195 2006 1315 2092 bonis,
1341 2029 1454 2076 eorum-

457 2111 654 2226 qtre‘lionori
674 2123 894 2194 inserviebat.
915 2126 1009 2214 Quae
1032 2125 1160 2196 sciebat
1176 2126 1266 2216 ipse,
1286 2151 1361 2196 cum
1387 2128 1453 2195 aliis

386 2257 389 2264 '
458 2241 560 2314 oliam
578 2242 816 2334 benignissime
836 2245 1122 2316 communicabat.
1138 2244 1235 2317 Nilril
1253 2247 1362 2315 minus
1380 2269 1454 2316 rere-

456 2353 576 2443 batur,
594 2381 695 2447 quarn
712 2380 754 2424 ne
773 2356 849 2445 quis
866 2354 1016 2425 obstaret
1031 2356 1161 2448 gloriae
1178 2381 1259 2427 suae
1270 2361 1346 2449 (r).
1363 2360 1453 2448 Atque

456 2469 542 2541 hanc
565 2472 608 2542 ob
632 2493 764 2540 causam
784 2472 921 2540 meliora
940 2471 1115 2561 aliquando
1134 2470 1196 2541 sub
1210 2473 1322 2542 alieno
1338 2474 1454 2541 nomine

460 2613 559 2674 quam
580 2611 639 2658 suo
659 2590 827 2682 vulgavit.
847 2587 912 2659 Sua
940 2613 1005 2658 non
1024 2591 1189 2682 jactabat,
1209 2615 1318 2684 neque
1341 2615 1376 2660 se
1398 2608 1456 2659 stu·

458 2701 559 2774 debat
577 2704 736 2773 extollere
753 2703 871 2772 alicnis
899 2703 1071 2774 laudibus.
1091 2705 1280 2796 Respuebat
1311 2705 1345 2776 id
1369 2727 1453 2797 gerre-

458 2846 531 2894 roso
550 2824 692 2914 quodam
711 2821 881 2913 liberoque
900 2820 1226 2892 fastidio.Pecuniae
1246 2823 1383 2892 minime
1395 2845 1456 2912 par-

456 2963 513 3010 cus
532 2943 649 3012 eadem
668 2919 801 3034 largiter
815 2967 874 3033 pro
893 2941 960 3012 suis
975 2941 1184 3012 facultatibus
1204 2942 1374 3013 utebatur:
1389 2963 1457 3008 non·

458 3079 638 3148 numquam
668 3061 769 3128 etiam
798 3059 949 3148 largius,
977 3085 1077 3150 qnam
1105 3077 1272 3152 peteretur
1303 3065 1455 3151 ample.

460 3173 531 3242 llac
551 3172 640 3240 enim
660 3195 724 3239 non
745 3172 922 3242 admodum
943 3173 1067 3242 valuit.

502 3287 577 3356 Fuit
597 3309 690 3370 vero,
710 3284 796 3374 quod
816 3300 995 3375 caperest,
1011 3286 1134 3356 eximia
1159 3288 1194 3356 in
1212 3291 1324 3358 Deum
1342 3288 1454 3378 pietate

457 3425 494 3472 ae
513 3402 691 3500 religione.
716 3403 810 3470 Hanc
834 3399 907 3489 ipse
925 3399 1051 3501 colere,
1069 3417 1104 3469 et
1122 3401 1218 3484 aliis,
1241 3401 1311 3470 suis
1341 3401 1375 3468 in
1392 3397 1451 3488 pri-

456 3519 521 3590 mis
538 3519 727 3609 discipulis,
747 3518 912 3588 inculcare
930 3541 996 3587 non
1022 3519 1171 3588 destitit.
1185 3522 1276 3589 Hace
1296 3514 1454 3588 animabar

459 3633 548 3706 illius
568 3633 729 3723 cogitata,
757 3653 946 3718 sermones,
974 3631 1116 3722 scripta.
1136 3632 1223 3702 Huic
1240 3630 1398 3704 debentur
1414 3640 1454 3695 tot

675 3863 680 3874 ,
797 3841 837 3868 Ἀθ
841 3839 1126 3870 mmmmmmw

503 3987 553 4090 (r)
575 4010 642 4072 Liv.
656 4007 724 4071 lrist.
745 4028 815 4072 rom.
836 4007 858 4070 l.
880 4008 929 4072 26.
950 4029 976 4073 e.
1001 4013 1047 4086 td.
1068 4031 1097 4071 u.
1120 4029 1169 4072 ao.
