3259 4959
536 297 657 354 tacoer
677 301 885 352 succrecens
1165 293 1226 361 rat

269 415 409 512 Scripsit
432 415 534 488 etiam
560 415 718 508 epistolas
744 414 961 506 philologicos
989 431 1022 482 ct
1042 414 1107 485 alia
1129 439 1232 508 quiae·

219 531 296 610 dam
316 540 418 610 latina
436 535 593 628 opuscula
611 559 632 604 a
651 534 806 604 litteratis
825 534 905 602 viris
933 557 1008 602 cum
1029 535 1144 624 plausu
1171 559 1232 602 ca-

219 679 342 750 eopta.
375 663 462 728 Tum
487 656 648 748 plurimas
675 646 928 747 praefationes,
958 675 1043 742 quae
1071 652 1233 724 eximiam
1340 727 1344 742 ,

199 762 358 861 Ιρτοάιιηῑ
376 770 517 840 auctoris
532 789 690 836 manum.
718 765 888 836 Nonnulla
907 781 1075 855 praeterea
1102 764 1144 834 de
1164 780 1234 836 tota

154 975 157 980 ¹
215 889 285 956 vita
309 888 496 958 Cardinalis
523 884 673 956 Cornelii
700 883 851 974 episcopi
883 873 1031 974 patavini
1060 880 1232 952 annalium

133 988 142 1016 ⁸
216 1029 307 1074 more
338 1006 507 1090 exaravit,
535 1019 665 1094 praeter
692 1003 896 1086 orationem,
926 1025 1024 1092 quam
1054 1000 1171 1070 hahuit
1198 999 1234 1069 in

217 1118 289 1213 ejus
308 1117 440 1188 funerei
469 1119 586 1188 Vitam
615 1137 743 1204 quoque
771 1114 878 1182 edidit
906 1113 1053 1206 Philippi
1084 1141 1102 1182 a
1129 1119 1236 1184 Turre

217 1234 364 1325 episcopi
383 1230 561 1300 adriensis.
580 1231 674 1297 llauc
690 1227 744 1316 (1)
754 1226 945 1316 lipsienses
960 1221 1143 1298 academici
1158 1251 1235 1296 cum

217 1351 415 1442 compendio
433 1349 522 1418 vitae
541 1345 729 1416 Cardinalis
753 1344 900 1414 Cornelii
921 1345 974 1436 (2)
995 1344 1175 1412 retulerunt
1199 1345 1236 1414 in

218 1472 301 1540 Acta
315 1466 427 1558 .Quae
445 1465 579 1557 quidem
599 1463 685 1532 bene
703 1462 861 1553 loquendi
881 1463 953 1532 laus
977 1461 1088 1554 magni
1109 1461 1236 1532 lralren-

219 1586 281 1657 da.
301 1591 348 1656 Ut
367 1587 456 1656 enim
477 1581 621 1675 perlecta
648 1597 755 1666 esset,
774 1611 793 1644 o
816 1580 931 1650 multis
956 1580 1014 1650 ille
1038 1581 1178 1665 litteris,
1203 1597 1237 1650 et

218 1735 238 1772 n
260 1707 303 1774 iis
322 1703 456 1796 quidem
477 1701 655 1772 reconditis
674 1715 710 1769 et
727 1701 925 1790 exquisitis,
944 1723 1139 1790 summoque
1165 1717 1236 1768 stu-

218 1844 237 1882 s
261 1819 317 1888 dio
334 1833 369 1888 et
388 1815 560 1906 diligentia
579 1813 685 1883 fuerat
705 1831 899 1882 consecutus
920 1812 1029 1902 (3)„.
1053 1813 1150 1884 Unde
1170 1812 1241 1902 plo.

216 1965 235 2000 s
258 1961 302 2004 na
319 1937 378 2005 illa
395 1936 561 2004 litteratae
582 1934 760 2002 senectutis
779 1933 884 2002 oratio
904 1934 958 2024 (4)
977 1963 1024 2000 n.

262 2054 348 2124 Suae
367 2071 480 2123 autem
506 2050 704 2122 eruditionis
732 2050 905 2139 specimen
925 2049 1054 2118 illustre
1083 2048 1237 2120 exhibuit

219 2169 451 2261 interpretatus
474 2167 727 2238 celeberrimum
756 2165 955 2254 diptychum
987 2165 1236 2255 quirinianum.

219 2291 260 2356 In
278 2290 342 2356 lroc
361 2287 451 2356 enirn
470 2285 666 2374 exponendo
686 2283 892 2354 Faeclolatus
912 2307 950 2350 ac
968 2282 1106 2352 Lamias
1123 2303 1238 2352 secum
1323 2299 1325 2304 '

218 2395 362 2468 feliciter
379 2397 621 2466 consentientes
640 2419 719 2486 prae
745 2395 821 2465 aliis
841 2395 994 2466 omnibus
1014 2395 1151 2466 arrisere
1176 2395 1238 2464 do-

220 2513 370 2582 ctissimo
388 2511 557 2581 Cardinali
577 2509 718 2598 Quirino
737 2509 809 2598 (5):
836 2510 915 2578 licet
933 2509 995 2577 lroc
1011 2509 1100 2580 idem
1131 2508 1237 2578 inter.

220 2627 415 2720 protundum
435 2624 657 2716 suscepissent
675 2623 810 2713 plurimi
830 2624 865 2692 in
886 2639 954 2690 tota
972 2627 1102 2714 Europa
1123 2625 1237 2694 erudi-

222 2741 364 2811 tissimi.
765 2802 770 2811 .

266 2855 451 2926 Eruendare
466 2849 568 2922 etiam
583 2864 735 2943 coeperat
749 2850 1023 2920 commentarium
1034 2853 1139 2944 ,quod
1156 2853 1237 2920 Pan-

220 2973 338 3042 cirolus
363 2973 541 3062 scripserat
566 2971 603 3040 in
628 2971 825 3040 Tertulliani
856 2971 1096 3062 apologeticum
1124 2987 1238 3038 contra

220 3109 353 3181 gentes.
371 3092 438 3162 sed
456 3113 524 3160 non
544 3087 652 3183 potuit
670 3089 806 3161 ulterius
831 3070 1003 3183 progredi,
1022 3106 1153 3160 coactus
1182 3090 1238 3178 ip·

561 3321 889 3352 mmmmmmmm

260 3495 275 3572 (
330 3490 408 3550 Anu.
434 3507 507 3570 1717
527 3507 617 3548 meus.
638 3489 761 3568 August.
781 3509 846 3569 pag.
867 3489 936 3549 381.

263 3599 277 3672 (
334 3595 412 3652 Ana.
438 3612 511 3672 1522
530 3610 619 3649 meus.
640 3592 763 3671 August.
784 3612 850 3673 pag.
874 3590 943 3650 512.

264 3708 278 3781 (
334 3703 397 3760 Cic.
419 3700 455 3760 dc
475 3701 559 3760 claris
580 3701 696 3762 Orator.
715 3721 778 3783 cap.
800 3700 935 3761 LXXII.

264 3815 277 3887 (

335 3807 411 3868 lbid.
433 3830 494 3890 cap.
517 3808 667 3870 LXXVI.

265 3921 281 3998 (
336 3919 378 3982 Ut
395 3932 473 4001 patet
492 3938 527 3977 cx
547 3915 610 3996 ejus
630 3918 712 4000 epist.
731 3916 769 3978 ad
789 3917 909 3982 Corium
927 3935 992 4004 pag·
1015 3936 1060 3982 tt.
