3259 4959
382 330 452 426 ps

384 474 470 566 quod
493 473 624 566 rapiens
646 491 777 546 monet:
801 474 903 549 Omni
920 485 1069 565 tempore
1086 469 1224 564 diligit,
1243 477 1302 564 qni
1318 478 1414 549 omi·

387 615 446 660 ars
464 603 514 662 est
534 595 607 684 (r).
628 593 728 663 Domi
750 592 904 663 servabat
922 591 1069 662 tabulam
1092 590 1289 662 referentem
1310 595 1414 669 illius

393 708 597 800 imaginem3
617 707 695 780 duri
721 708 847 778 solatia
864 732 960 781 casus
979 710 1053 801 (a).
1083 710 1193 779 Tanta
1219 709 1324 800 ipsius
1344 712 1416 783 ob·

390 822 795 894 mmmmmmffl

436 947 547 1028 Haec,
568 942 686 1012 etalio
707 941 895 1036 huiusmodi
920 941 1044 1012 eximia
1073 940 1192 1012 deeora
1217 941 1289 1012 fieri
1312 943 1412 1016 vide-

390 1056 511 1128 bantur
531 1057 773 1148 quodammodo
792 1057 827 1124 in
848 1079 888 1127 eo
914 1058 1052 1126 clariora
1081 1081 1123 1126 ex
1150 1057 1226 1126 aliis
1253 1055 1412 1146 dotibus,

389 1175 510 1266 quibus
531 1197 549 1241 a
568 1189 684 1241 natura
704 1172 843 1240 donatus
863 1169 989 1241 luerat.
1009 1171 1189 1244 Fruebatur
1216 1172 1306 1242 enim
1333 1173 1415 1242 exi-

390 1287 583 1358 stimatione
603 1284 722 1354 eruditi
744 1285 895 1376 ingenii,
918 1286 1118 1378 perspicacis
1141 1302 1240 1377 atque
1264 1289 1410 1361 maturi.

389 1403 453 1472 His
473 1399 651 1470 accedebat
677 1400 747 1469 laus
772 1415 985 1488 experrectus
1009 1400 1192 1469 memoriae
1210 1416 1243 1468 ct
1262 1399 1411 1478 indefes,

390 1539 447 1585 sae
476 1515 648 1586 solertiae.
678 1515 754 1585 Non
782 1512 875 1583 labor
900 1537 977 1582 eum
1006 1512 1193 1584 deterrebat
1221 1538 1240 1583 a
1264 1515 1408 1602 studiis,

390 1659 456 1704 non
477 1636 658 1706 avocabant
677 1635 907 1706 incommoda.
928 1635 1059 1719 Cernis,
1078 1634 1246 1722 liberalis,
1265 1632 1408 1722 facetus,

391 1753 433 1822 dc
454 1755 607 1822 omnibus
627 1755 711 1822 bene
732 1755 880 1824 merendi
900 1754 1065 1823 studiosus
1072 1783 1084 1842 3
1103 1777 1177 1824 acer
1194 1754 1409 1848 investigator

391 1873 586 1942 caelestium
616 1897 654 1942 ac
683 1874 846 1968 diligens,
873 1897 934 1944 nec
958 1874 1083 1944 otiosus
1111 1890 1276 1968 spectator
1300 1897 1409 1946 rerum

307 2078 312 2090 ι
394 1985 635 2057 humanarum.

436 2111 515 2178 Erat
536 2125 659 2180 statura
678 2107 787 2202 justa,
807 2109 915 2178 colore
944 2107 1086 2179 candido
1098 2161 1109 2194 ,
1130 2107 1252 2200 amplis
1272 2132 1310 2178 ac
1328 2109 1413 2180 den.

389 2224 437 2294 ris
457 2226 664 2317 superciliis,
680 2227 801 2312 oculis,
815 2251 888 2312 ore,
908 2225 999 2296 vultu
1016 2226 1058 2296 ad
1070 2226 1266 2316 gravitatem
1281 2250 1413 2318 compo·

393 2347 476 2436 situs
488 2401 495 2418 .
509 2351 671 2418 Octavum
691 2365 725 2417 et
744 2349 1024 2440 septuagesimum
1041 2346 1159 2417 aetatis
1178 2369 1299 2416 annum
1319 2369 1413 2414 com·

392 2467 541 2557 plererat
555 2522 564 2554 ‚
580 2494 654 2536 cum
675 2493 750 2538 eum
770 2467 833 2538 sub
849 2495 1000 2540 occasum
1020 2470 1100 2539 solis
1119 2468 1297 2560 derepente
1314 2469 1412 2540 Parr-

390 2580 437 2650 vii
462 2581 584 2652 invasit
609 2586 782 2674 &ornile
799 2584 852 2654 VI
880 2585 959 2654 Idus
984 2583 1414 2678 Novembresann01797.

391 2697 515 2768 Tribus
527 2701 641 2770 diebus
657 2717 768 2791 postca
780 2699 917 2788 defecit,
931 2717 998 2772 tota
1013 2701 1113 2784 urbe,
1125 2701 1312 2792 exterisque
1323 2723 1415 2770 moe-

390 2811 561 2883 rentibus.
591 2815 752 2885 Postridie
777 2816 884 2887 elatus
911 2812 995 2903 fuit,
1014 2834 1048 2886 et
1073 2816 1227 2887 conditus
1245 2818 1281 2886 in
1300 2815 1414 2908 sepul-

396 2953 472 3016 cro,
493 2933 578 3023 quod
599 2934 790 3005 occurrebat
808 2935 1070 3028 ingredientibus
1090 2936 1275 3008 sacrarium
1297 2935 1418 3028 templi

394 3051 590 3120 monialium
611 3055 645 3124 S.
666 3055 818 3146 Agathae
838 3057 935 3135 modo
954 3057 1079 3132 eversi.

439 3165 519 3260 Ejus
538 3170 640 3238 vitam
662 3173 766 3242 latino
786 3190 820 3244 et
839 3177 920 3244 italo
938 3199 1091 3246 sermone
1113 3175 1274 3267 explicuit
1294 3172 1417 3244 elaris·

392 3278 497 3350 simus
523 3282 724 3370 Fabronius,
744 3285 787 3358 de
816 3286 999 3358 illustribus
1030 3289 1149 3358 Italiae
1179 3287 1259 3358 viris
1282 3284 1416 3379 egregie

393 3391 550 3466 meritus.
573 3400 615 3468 Et
634 3397 751 3470 italum
771 3400 906 3493 quidem
926 3403 1029 3494 ipsius
1048 3404 1193 3496 elogium
1222 3402 1326 3471 latino
1348 3425 1412 3470 arr-

394 3509 478 3582 etius
499 3531 608 3584 exstat
625 3516 659 3584 in
679 3520 761 3590 actis
780 3521 881 3593 italae
900 3520 1069 3592 societatis
1088 3518 1300 3593 scientiarum
1315 3540 1412 3590 rero·

737 3728 988 3758 ΜΜΜΜΜ
989 3729 1071 3757 m

434 3889 485 3968 (r)
508 3891 645 3954 Proverb.
670 3915 696 3957 e.
725 3919 816 3981 17.v.
843 3922 888 3982 ¹5·

437 3995 488 4076 (a)
509 3998 628 4067 AEneid.
647 4001 670 4064 l.
694 4005 724 4069 6.
745 4026 775 4070 v.
795 4007 887 4092 377²-
