3259 4959
1215 408 1256 471 ¹1

252 534 300 611 ml
321 514 444 609 laniem
465 526 670 628 relinquere.
693 516 802 627 Atque
822 544 857 605 tat
877 522 1057 627 primordia
1076 530 1195 609 faciem
1215 536 1257 607 ab

246 653 306 723 bac
326 672 488 744 postrema
510 649 686 735 facultate,
707 676 725 719 a
748 650 839 741 poesi
860 650 1039 737 nimirum,
1070 674 1155 743 quae
1183 652 1254 743 pria

242 788 317 839 tuus
335 770 541 861 ingeniorum
561 769 644 838 solet
662 790 735 836 esse
766 766 854 851 llos,
881 780 916 837 et
943 770 1037 859 quasi
1066 784 1195 859 partns3
1222 770 1252 837 si

243 884 318 973 quis
338 883 373 955 in
393 884 509 952 eadem
530 882 667 972 gloriam
689 904 753 948 non
772 880 975 949 mediocrem
1006 880 1143 970 adeptus
1178 899 1253 965 est,

240 997 270 1065 is
291 1012 376 1065 certe
395 995 560 1065 Ferrarius
579 993 660 1081 luit,
680 996 736 1085 qui
757 995 798 1063 ad
826 992 931 1063 bonos
960 1018 1067 1064 morea
1084 1012 1120 1064 et
1144 996 1186 1063 ad
1214 1020 1252 1062 oa

240 1110 331 1179 mnia
344 1109 560 1179 humanitatis
580 1110 689 1181 studia
710 1126 856 1179 enatura
875 1106 1068 1178 inlonnatus
1087 1108 1170 1179 haec
1188 1105 1253 1179 duo

239 1250 259 1299 a
286 1228 394 1320 prima
414 1224 543 1314 aetate,
565 1246 733 1320 tamquam
758 1228 887 1320 optima
914 1253 1088 1322 germanae
1114 1252 1252 1319 poeseos

181 1400 182 1403 η
240 1347 404 1417 elementa
424 1363 521 1436 atque
541 1345 731 1435 principia,
751 1346 949 1430 excolenda,
965 1366 999 1415 et
1017 1344 1165 1436 quotidie
1184 1358 1252 1416 mass

238 1462 289 1555 gis
309 1464 456 1553 augenda
478 1460 624 1529 curarit.
645 1464 760 1553 ltaque
780 1458 971 1531 adolescens
1005 1463 1136 1554 egregia
1162 1465 1252 1533 indo·

238 1574 289 1661 le,
305 1596 435 1643 summa
455 1598 513 1667 spe
532 1574 695 1660 ‚exloco,
707 1574 764 1645 ubi
784 1592 880 1645 natus
899 1594 949 1646 eat
963 1579 1017 1668 (a)
1031 1630 1041 1662 ‚
1055 1600 1153 1669 quem
1173 1574 1252 1647 Tre-

235 1710 323 1759 etunr
347 1706 464 1760 vocant
483 1690 560 1781 (2),
588 1692 656 1780 agri
680 1691 828 1781 partavini
850 1692 975 1776 vicum,
995 1691 1029 1759 in
1059 1690 1121 1760 hoc
1139 1691 1249 1759 domis

234 1809 349 1879 cilium
374 1826 531 1901 exceptus
557 1810 610 1900 (3)
633 1808 831 1901 disciplinae
850 1809 1063 1879 continenter
1083 1834 1200 1880 vacere
1217 1824 1252 1880 et

235 1923 372 2013 pietati,
396 1946 479 2014 quae
500 1944 564 1993 una
583 1924 732 1993 omnium
751 1926 939 1994 astartium
963 1921 1251 2013 'laudamentum

232 2036 354 2105 litteris
374 2062 450 2106 curn
465 2038 598 2122 latinis,
618 2038 807 2107 tumetium
828 2040 952 2130 graecis
972 2037 1158 2125 erudiri3in
1178 2062 1244 2131 gras

232 2149 339 2219 viores
359 2146 478 2219 deinde
499 2148 672 2219 facultates
690 2150 882 2218 incumbere
901 2153 955 2241 (4)
975 2168 1083 2235 tauta,
1102 2152 1165 2221 etsi
1193 2152 1245 2242 ju·

232 2267 348 2349 venis,
366 2265 541 2355 probitatis
560 2281 593 2330 et
612 2264 736 2353 ingenii
758 2263 874 2346 laude,
891 2278 948 2347 ut,
979 2266 1117 2353 gloriose
1146 2267 1244 2333 absu-

119 2374 124 2382 ’
234 2378 304 2447 luto
323 2375 503 2447 stadiorum
524 2374 682 2443 curriculo
702 2374 785 2469 (5),
816 2396 859 2443 ex
889 2374 1133 2447 adolescentiae
1167 2375 1245 2450 ludo

572 2592 776 2622 mmm
779 2592 847 2622 “W
852 2593 904 2622 ΟΜ

272 2753 322 2839 (r)
342 2748 437 2818 Natus
457 2766 501 2814 est
520 2752 568 2815 Xl
589 2752 652 2813 Cel.
675 2752 736 2814 Jul.
756 2770 822 2812 aun.
849 2752 922 2834 1733
941 2749 1108 2836 parentibus
1126 2746 1244 2814 tuens

228 2866 360 2929 Ferraria
381 2858 409 2924 et
426 2864 523 2923 Laura
542 2859 712 2922 Carlcschi.
1038 2842 1041 2846 ¹
1215 2908 1232 2920 ..

270 2974 319 3054 ta)
341 2970 410 3062 Non
438 2966 524 3051 louge
548 2968 585 3030 ab
614 2946 718 3052 oppido
746 2967 870 3031 atestino
878 3005 897 3038 ‚.
908 2966 988 3050 quod
1004 2968 1079 3031 elcut
1105 2966 1242 3049 majorum

225 3078 302 3141 suma
317 3122 326 3151 ,
344 3076 385 3135 lta
402 3072 505 3136 studiis
525 3074 681 3135 litterarum
697 3070 961 3140 commemorabile.

219 3224 225 3231 ·
268 3180 318 3260 (3)
340 3179 413 3241 Cum
434 3190 531 3258 ageret
549 3196 654 3237 aunum
675 3196 721 3237 ta.

268 3284 316 3362 (t)
339 3281 485 3341 Adhibitis
505 3279 668 3340 doctoribus
688 3266 797 3360 maguis
818 3268 905 3349 viris,
925 3285 1046 3355 quorum
1062 3286 1099 3335 ex
1117 3284 1237 3333 numero

226 3386 315 3451 luisse
345 3388 504 3470 accepimus
532 3385 708 3457 Clementem
734 3384 925 3458 Sibiliatmu,
953 3382 1003 3463 qui
1029 3380 1110 3441 illum
1137 3378 1243 3443 imbuit

222 3496 367 3558 rhetorum
383 3495 561 3577 praeceptis,
582 3508 612 3555 ct
630 3492 764 3555 Marcum
782 3492 943 3555 Antonium
962 3487 1242 3567 'I'ra'rjellatumqni¹

224 3598 385 3681 theologica
404 3600 540 3661 facultate
560 3598 688 3661 eumdem
716 3597 857 3661 instituit·
878 3596 955 3664 Vide
974 3597 1119 3677 utrimque
1150 3596 1242 3666 vitem

142 3702 144 3708 ’
216 3702 292 3788 bag.
312 3708 380 3768 213.
401 3720 430 3766 et
453 3706 518 3767 rou
992 3764 995 3769 .

145 3836 149 3846 ‘
267 3812 316 3892 (5)
338 3814 502 3875 Studiorum
523 3828 636 3875 cursum
657 3812 782 3874 absoluit
804 3812 1044 3891 meuseltugruto
1063 3828 1132 3869 aaa.
1146 3808 1238 3889 17553

217 3910 283 4011 ‘qno
313 3932 438 4003 tempore
463 3921 610 4003 publicam
638 3920 800 4003 theologiae
821 3912 1237 3999 dogmaticaedieputan'ouettt

212 4025 292 4105 ''sum
308 4020 414 4107 plausu
442 4021 598 4104 sustinuit,
619 4038 649 4089 et
678 4026 723 4094 lv
754 4020 825 4085 Idus
845 4018 1003 4105 Septemb·
1022 4015 1150 4099 eiusdem
1169 4009 1240 4087 ml
