3259 4959
399 305 471 400 298
750 280 763 353 s
872 314 958 370 vm
1008 343 1009 346 η

394 449 491 523 hstur
508 446 623 518 stetim
642 461 771 537 prestes
795 440 1067 514 consuetudinem
1085 441 1150 513 loci
1168 439 1417 518 humanitatem

400 558 561 656 profiteri.

445 673 517 745 Vir
543 667 611 744 dici
636 684 763 761 potest,
781 682 904 760 quanta
922 665 1092 740 alacritate
1111 672 1290 761 susceperit
1317 674 1424 744 colla·

401 799 474 855 tum
494 806 612 854 munius
623 834 633 868 ,
653 795 776 874 quanta
794 803 870 852 curu
890 779 1049 871 dignitate
1068 797 1102 850 et
1120 782 1264 854 utilitate
1282 787 1423 875 praesti·

401 898 498 969 terit.
517 895 593 968 Suis
613 892 782 983 discipulis
801 891 933 962 assidue
951 891 1117 979 instabat,
1138 895 1178 963 de
1198 919 1310 968 eorum
1338 923 1418 988 pro.

399 1034 514 1104 gressu
539 1008 700 1083 sollicitus
727 1028 828 1101 quam
846 1005 903 1100 qui
923 1006 1090 1080 maxime.
1110 1006 1244 1080 Solebat
1268 1033 1324 1080 eos
1344 1035 1422 1102 per-

401 1125 592 1199 humaniter
611 1125 653 1194 ad
672 1121 782 1194 studia
800 1120 924 1191 hortari
943 1139 977 1190 et
997 1121 1190 1210 incendere,
1209 1123 1423 1201 familiariter

400 1267 438 1316 se
455 1243 577 1318 iisdem
599 1241 738 1328 dedere,
751 1255 787 1310 et
801 1239 928 1330 aperire
947 1237 1066 1312 intima
1084 1264 1231 1332 quaeque
1250 1259 1284 1314 et
1303 1242 1421 1319 abdita

383 1379 567 1436 'oratorum
594 1384 633 1430 ac
661 1358 827 1433 rhetorum
856 1358 1015 1432 artificia.
1045 1362 1154 1430 Tanta
1177 1360 1248 1454 ejus
1276 1362 1421 1434 comitas

400 1475 647 1569 affabilitasque
669 1477 830 1546 sermonis
857 1476 939 1547 adeo
961 1475 1094 1548 eosdem
1114 1476 1146 1546 ei
1164 1470 1396 1552 conciliaverat
1407 1533 1421 1567 ,

400 1611 439 1669 ut
457 1621 553 1688 aegre
570 1595 749 1668 admodum
759 1593 978 1680 ‚discederent
996 1593 1039 1666 ah
1055 1595 1125 1689 ejus
1140 1595 1236 1666 ludo:
1255 1598 1333 1688 quin
1349 1599 1422 1691 glo-

402 1715 572 1790 riabantur
589 1737 690 1810 saepe
708 1714 797 1810 epod
823 1713 906 1788 alios
925 1730 1058 1810 postea,
1083 1739 1118 1788 se
1137 1714 1180 1788 ah
1198 1717 1287 1790 illius
1314 1716 1423 1790 disci·

400 1829 493 1925 plina
510 1827 686 1906 extitisse·

444 1947 585 2022 Interim
603 1946 762 2016 inritatur
777 1943 909 2018 Natalis
927 1945 1088 2018 Genetam
1109 1946 1151 2016 ad
1171 1945 1419 2038 philosophiam

398 2063 616 2157 profitendam
636 2040 731 2130 ineo
749 2059 955 2145 Serninaric,
974 2060 1027 2130 cui
1048 2078 1154 2130 rector
1177 2079 1327 2151 praeerat
1353 2067 1419 2132 AE-

402 2179 511 2272 gidius
538 2179 742 2255 Forcellinus
771 2180 845 2270 (r).
865 2179 929 2250 Hic
957 2181 1047 2250 enim
1076 2181 1201 2271 optime
1230 2179 1418 2250 Lastesium

399 2316 555 2372 noverat.
583 2302 617 2375 Is
646 2299 783 2374 minime
802 2322 918 2389 passus
936 2314 1006 2382 est,
1035 2322 1071 2369 se
1090 2323 1110 2368 a
1130 2299 1284 2390 patavino
1302 2295 1414 2368 Serni-

399 2411 494 2483 uario
512 2411 649 2496 divelli,
670 2411 724 2483 cui
747 2435 783 2480 se
808 2409 932 2486 debere¹
957 2411 1135 2504 plurimum
1154 2409 1333 2483 fatebatur.
1359 2412 1417 2484 Ah

400 2526 518 2601 eodem
540 2541 651 2600 umen
670 2551 737 2598 uon
756 2523 861 2598 multe
880 2541 955 2616 post
974 2525 1126 2600 discessit
1149 2525 1292 2598 invitus.

447 2639 611 2714 Vertebat
639 2662 716 2709 snm
745 2640 832 2733 1733
855 2663 930 2711 eum
947 2641 1082 2712 Patauio
1112 2640 1273 2714 Venetiae
1292 2638 1407 2730 petiit,

399 2754 516 2854 ibique
543 2759 726 2834 diversatus
754 2775 805 2830 est
823 2759 911 2850 apud
930 2759 1106 2850 patricium
1125 2760 1233 2832 virum
1251 2757 1409 2830 Jaccbum

400 2876 443 2948 de
461 2880 626 2966 Carallis,
645 2877 739 2977 cujus
756 2879 862 2954 lilium
882 2879 1120 2953 instituendum
1140 2879 1285 2970 suscepit
1304 2878 1415 2950 condi-

398 2993 490 3066 tione
502 2997 599 3069 selde
615 2998 810 3070 honorifica.
827 3000 936 3092 Atque
952 3013 988 3068 ut
1005 2998 1050 3084 is,
1063 3015 1097 3070 et
1115 2998 1173 3068 alii
1191 2997 1312 3088 pariter
1327 2994 1414 3090 jure-

403 3130 463 3179 nes
481 3107 604 3182 lutinse
623 3109 755 3200 linguae
769 3110 934 3203 principie
947 3109 1078 3184 [acilius
1093 3113 1275 3197 discerent,
1294 3109 1418 3181 librum

400 3224 508 3298 edidit
526 3226 574 3300 iu
593 3226 787 3320 inscriptum
793 3228 939 3321 ,Regole
957 3225 1049 3300 detta
1068 3229 1272 3304 corrutione
1289 3225 1415 3314 letina,

401 3344 459 3437 qui
491 3371 600 3421 mrsus
619 3347 775 3422 Venetiis
805 3348 931 3441 prodiit
956 3348 1027 3444 ejus
1053 3349 1197 3420 utilitate
1228 3361 1417 3437 comperta.

400 3465 562 3539 Triennio
585 3468 719 3560 elapso,
744 3468 909 3541 Vicetiam
938 3487 1073 3562 repente
1091 3467 1288 3539 adsciscitur
1303 3465 1345 3535 ad
1364 3463 1424 3536 lit.

402 3580 557 3655 eremum
580 3582 824 3659 institutionem
851 3577 1011 3678 Collegii.
1041 3586 1113 3656 Hoc
1132 3581 1250 3656 ecdem
1277 3577 1422 3654 consilio

745 3789 1075 3823 mmm

392 3941 410 3952 ⁴
444 3950 495 4037 (t)
513 3951 594 4027 Vide
611 3954 673 4042 ejus
692 3954 783 4027 vitatu
800 3907 959 4042 pseusti.
