3259 4959
400 320 466 412 14ss
878 313 962 370 rt'rt
1075 345 1078 352 ·
1120 349 1123 356 ·

398 465 465 534 huc
484 454 569 530 lucis
585 449 755 547 publicae.
770 446 979 540 singularum
994 457 1184 535 argumenta
1202 442 1350 520 absoluta
1363 433 1426 520 iras

400 577 547 678 jusmodi
566 570 753 644 narratione
775 561 979 658 subjiciam,
1002 579 1037 634 et
1054 561 1214 633 indicabo
1236 587 1320 656 quae
1339 565 1424 637 scri.

402 699 509 794 pserit
535 686 626 766 idem
652 687 812 783 poetice.
844 685 986 759 Silentia
1018 700 1129 754 tamen
1149 681 1327 776 praeterire
1355 707 1422 759 nort

401 835 539 911 possum
562 812 634 907 ejus
657 809 841 881 orationem
861 806 903 876 ad
923 806 1086 898 Angelum
1105 805 1331 876 Conterenum
1349 807 1420 876 divi

406 928 517 1004 Marci
537 930 796 1018 procuratorem.
816 923 912 992 Hane
938 919 1044 988 edidit
1066 911 1110 988 cl.
1130 911 1257 1010 Caspar
1276 919 1419 990 Gozzius

406 1065 493 1116 anno
516 1038 621 1132 1754,
638 1039 737 1128 eique
754 1029 859 1105 latina
879 1032 1061 1124 praemissa
1080 1023 1220 1122 epistola
1240 1033 1422 1105 adJulium

404 1153 623 1250 procuratoris
647 1150 802 1234 fratrem,-
826 1149 874 1218 oie
902 1169 978 1216 oum
1008 1146 1205 1238 alloquitur:
1230 1137 1425 1220 francones

404 1269 540 1362 quidem
558 1263 625 1337 sibi
639 1272 752 1356 potest
767 1248 923 1355 polliceri
941 1270 1077 1350 gratem
1096 1255 1161 1329 tibi
1170 1259 1329 1352 fututam
1343 1286 1423 1332 ora-

405 1389 532 1459 tionem'
547 1408 662 1469 suern,-
681 1381 802 1474 quippe
816 1393 905 1469 qrrae'
919 1375 1063 1472 prodeat
1081 1401 1101 1448 e
1117 1377 1315 1470 peritissimi
1335 1377 1426 1450 arti-⁸

398 1506 481 1599 ficis
505 1499 661 1594 officinaj
688 1509 849 1587 tantaque
866 1494 1110 1568 sententiarum
1135 1497 1321 1590 gravitate,
1345 1519 1425 1568 ver-

406 1621 524 1693 borum
540 1615 711 1711 elegantia
727 1616 775 1686 sit
791 1628 932 1702 oruata,
951 1625 990 1682 ut
1013 1638 1114 1686 aureo
1133 1613 1261 1684 latinae
1288 1614 1426 1708 linguae

407 1725 540 1808 soeculo
558 1733 684 1826 scripta
700 1757 773 1805 esse
787 1731 960 1804 videaturr
979 1713 1046 1804 s'ed
1065 1732 1108 1804 ad
1127 1723 1349 1804 intermissam
1368 1733 1427 1804 hi-

408 1856 545 1929 storiam
564 1855 682 1926 redeas

389 1969 394 1977 ’
457 1976 620 2062 Exegerat
648 1969 708 2038 ille
737 1982 840 2039 annos
868 1955 951 2036 duos
977 1965 1109 2037 circiter
1135 1979 1174 2036 ac
1193 1953 1334 2058 viginti,
1361 1985 1426 2058 qua

411 2072 447 2159 in
468 2085 654 2157 erudiendis
678 2084 856 2157 seminarii
878 2085 1022 2156 alumnis
1034 2138 1044 2174 ‚
1064 2109 1128 2178 qua
1155 2083 1190 2153 in
1209 2083 1360 2176 regendis
1388 2082 1428 2151 il·

411 2207 518 2278 lorum
541 2202 681 2288 studiis,
708 2225 785 2271 cum
807 2201 986 2294 derepente
1014 2226 1099 2272 anno
1131 2198 1427 2294 1731discessite
1467 2214 1476 2230 ¹

410 2315 687 2402 Semianimum}
706 2315 778 2385 siue·
798 2315 908 2407 aliqua
923 2314 1101 2386 seminarii
1118 2314 1267 2409 ejusdem
1282 2314 1427 2405 jacturas

410 2435 500 2502 Tum
523 2431 698 2523 praecipue
725 2430 833 2499 risum
862 2445 931 2514 est,-
958 2437 1080 2520 quanta
1104 2428 1163 2498 ille
1183 2427 1427 2498 existimatione

412 2543 594 2617 irrueretur.
618 2539 828 2636 Videbantur
851 2569 965 2616 ornnes
989 2567 1100 2616 secum
1132 2542 1375 2635 quodammodo
1392 2542 1429 2610 irr

412 2660 472 2732 illo
491 2661 638 2732 ornando
656 2678 802 2732 certare.

457 2779 602 2853 loannes
636 2779 902 2875 archiepiscopus
937 2773 1086 2852 Minotto
1124 2769 1318 2852 Otholronus
1355 2778 1428 2872 epi-

413 2921 532 2988 scopus
552 2896 724 2988 patavinus
743 2921 820 2967 eum
848 2895 1035 2987 designavit
1060 2897 1101 2968 ad
1129 2893 1428 2987 archipresbytera-

413 3031 487 3110 tum
520 3016 728 3086 thienenscm
757 3055 781 3086 .-·
799 3010 864 3086 Cui
898 3003 1085 3086 Franzoirus
1118 3013 1277 3106 plurimas
1309 3015 1430 3106 gratias

414 3137 503 3224 egit,
532 3146 670 3204 testatus
697 3159 733 3204 se
760 3137 804 3206 ad
831 3133 867 3206 id
896 3133 1057 3206 divinitus
1086 3155 1152 3205 rton
1178 3132 1331 3225 impellis
1358 3139 1431 3209 Hae

415 3253 508 3326 idem
528 3265 563 3325 et
581 3269 678 3324 antea
701 3257 932 3347 responderat,
954 3279 1027 3326 eum
1048 3253 1237 3348 designatus
1256 3246 1371 3327 luisset
1388 3257 1431 3327 ad

418 3372 565 3460 regimen
605 3371 932 3469 arclripreslsyteralis
962 3374 1121 3448 ecclesiae
1151 3377 1186 3448 S.
1220 3374 1351 3448 Mariae
1389 3375 1431 3448 de

420 3487 624 3578 Bregautiis,
639 3490 718 3560 licet
736 3493 840 3586 ampli
865 3493 933 3562 sint
952 3489 1023 3587 ejus
1043 3493 1168 3561 reditus
1190 3506 1223 3560 et
1242 3491 1366 3583 opimi.

460 3610 637 3680 Recusarit
664 3610 766 3682 etiam
792 3611 964 3705 publicum
994 3611 1125 3682 scholae
1154 3633 1272 3679 munus
1301 3611 1430 3683 Patavii

417 3727 453 3798 in
486 3728 567 3800 urbe
594 3728 637 3799 alr
667 3731 863 3801 electoribus
891 3730 957 3801 sihi
986 3729 1193 3816 exhibitum,
1221 3728 1304 3800 illud
1324 3728 1365 3800 ah
1389 3729 1432 3802 iis

412 3863 587 3942 precatus,
604 3865 643 3919 ut
659 3850 798 3922 Paulum
816 3851 974 3923 Ceratum
993 3850 1073 3922 olim
1104 3849 1280 3924 Seminarii
1308 3849 1435 3941 patari-

417 3962 454 4034 ni
482 3966 652 4041 alumnum
679 3967 839 4064 eligerent
870 3969 943 4043 loco
975 3969 1048 4044 sui.
1078 3974 1158 4044 Erat
1187 3969 1246 4042 hio
1274 3965 1429 4045 tramea?
