3259 4959
580 382 719 449 sesam
738 386 887 443 arnanot
1163 373 1228 439 211

221 514 291 578 tum
315 507 426 579 omnia
445 530 487 578 ex
506 504 612 577 officio
632 507 819 604 inquirere3
839 530 878 580 ea
904 522 1014 575 tamen
1034 504 1206 597 prodentia
1216 560 1228 601 ‚
1320 560 1323 564 f

221 642 258 695 ut
281 651 346 696 non
366 628 464 697 modo
491 626 578 697 nihil
604 624 802 713 offenderit,
822 650 1004 724 numquam
1031 625 1228 709 incurrerit,

219 741 278 812 sed
297 742 399 813 etiam
418 744 571 815 omnibus
591 757 679 816 osset
696 740 906 815 carissimus.
935 745 1055 819 Brevi:
1075 769 1147 820 rem
1167 744 1227 824 lit-

221 854 373 929 terariam
393 856 557 950 promovit
580 856 709 946 studio,
728 859 924 953 vigilantia,
942 858 1100 933 oonsilio.

265 970 345 1065 Ejus
365 970 526 1065 pietatem
545 974 796 1067 rereligionem
815 999 881 1042 non
900 971 1014 1045 multis
1033 995 1231 1070 persequar.

218 1084 413 1157 Communis
434 1100 506 1157 erat
528 1082 570 1157 dc
599 1087 691 1163 illins
719 1086 886 1179 probitate
912 1109 1108 1160 consensus.
1128 1092 1233 1161 Erant

216 1202 306 1273 enim
326 1205 362 1274 in
381 1203 530 1277 omnium
547 1203 652 1275 oeulis
664 1226 749 1297 quae
767 1181 935 1295 ¹sapienter
946 1206 1136 1296 scripserat,
1152 1228 1231 1297 age*

216 1320 340 1413 batque
359 1323 544 1413 praeclare.
565 1324 614 1395 Ut
632 1322 708 1392 aliis
727 1324 891 1415 dignitate
908 1322 1073 1415 praestitit
1080 1324 1149 1408 ,eie
1169 1348 1231 1393 ex.

215 1437 325 1527 emplo
345 1435 527 1527 praeluxit.
542 1434 595 1509 Ad
611 1436 737 1509 exitum
758 1454 912 1528 vergente
926 1436 1038 1509 hieme
1056 1461 1110 1507 an.
1126 1438 1230 1533 1755.

216 1550 398 1649 Josephum
417 1552 525 1627 letalis
545 1556 680 1629 morbus
699 1557 888 1653 oppressit:
909 1556 995 1631 uude
1014 1556 1160 1633 munitus
1180 1572 1232 1625 est
1322 1548 1329 1561 ’

216 1668 391 1762 praesidiis
411 1673 452 1743 ad
470 1670 649 1747 ineundam
667 1674 874 1745 aeternitatis
892 1676 983 1745 viam
1010 1674 1228 1747 necessariis.

214 1788 300 1857 Mox
319 1786 417 1857 cessit
436 1810 455 1857 e
474 1785 561 1877 vita,
589 1790 642 1864 IV
660 1789 788 1861 scilicet
817 1790 906 1861 Non.
931 1792 1054 1878 Mart,
1075 1806 1229 1867 octavum

215 1919 249 1973 et
268 1898 577 1999 quinquagesimum
610 1928 734 1979 annum
763 1930 886 1999 augens¹
914 1903 1128 2000 complorata
1156 1907 1228 2000 ciue

215 2040 302 2087 mors
322 2042 387 2089 non
405 2043 425 2093 a
444 2018 636 2091 domesticis
655 2037 783 2089 tanturn
794 2068 804 2107 ,
824 2022 884 2090 sed
912 2021 1013 2091 etiam
1034 2047 1054 2091 a
1077 2021 1232 2109 civibus,

216 2136 321 2204 immo
347 2135 391 2204 ab
420 2136 599 2221 omnibns,
624 2135 681 2230 qui
710 2130 867 2204 eumdem
885 2150 1062 2203 noverant.
1086 2137 1138 2208 De
1166 2137 1230 2212 hae

217 2248 446 2343 ephemerides
465 2238 645 2322 litterariae
664 2276 730 2323 non
761 2260 834 2322 sine
858 2249 974 2324 debito
996 2244 1103 2326 laudis
1131 2276 1228 2350 prae-

219 2370 314 2439 conio
334 2368 407 2459 (r).
427 2368 492 2459 Qui
514 2362 628 2438 vivens
645 2388 826 2459 numquam
845 2392 961 2461 passus
979 2364 1086 2443 fuerat
1103 2394 1140 2440 se
1158 2372 1228 2449 lau.

216 2488 308 2575 dari,
327 2497 473 2559 mortuus
493 2481 668 2579 prohibere
688 2510 753 2557 oon
773 2489 899 2579 potuit,
918 2489 1093 2579 quominus
1116 2486 1228 2565 landa.

215 2620 321 2675 retur.
338 2602 379 2675 Id
400 2599 469 2699 ejus
489 2598 641 2671 affinibus
656 2614 690 2671 et
708 2600 825 2675 amieis
844 2625 909 2675 non
929 2600 993 2672 levi
1015 2615 1092 2671 tunc
1109 2603 1228 2681 solatio

213 2717 296 2806 fuit3
314 2716 489 2809 praecipue
510 2740 587 2787 vero
605 2740 725 2809 magna
743 2716 872 2787 virtutis
888 2714 959 2818 ejus
977 2716 1107 2809 opinio,
1120 2734 1154 2797 et
1171 2740 1226 2793 re·

216 2833 361 2906 cordatio
379 2831 467 2903 vitae
486 2846 675 2907 anteactae.

253 2950 332 3033 ‚Erit
350 2946 486 3018 fortasse
503 2948 559 3040 qui
580 2950 660 3025 uelit
679 2949 839 3021 extimam
859 2974 987 3043 quoque
1017 2942 1156 3019 formam
1181 2950 1226 3021 il-

213 3063 278 3175 lips
306 3084 503 3161 agnoscere.
530 3064 606 3133 Fuit
636 3078 759 3133 statura
788 3063 902 3151 brevi,
921 3063 980 3148 sed
1000 3063 1142 3151 decora,
1157 3063 1227 3141 lata

214 3176 319 3246 fronte
337 3190 371 3247 et
389 3174 573 3271 explicita,
593 3199 672 3249 naso
698 3178 847 3269 aquilino
867 3182 882 3269 (
906 3171 993 3277 quod
1021 3202 1093 3249 esse
1113 3180 1227 3251 volunt

214 3290 298 3365 acris
318 3290 442 3384 ingenii
471 3288 683 3386 indicium),
714 3292 821 3366 colore
854 3296 941 3368 inter
969 3290 1082 3365 album
1110 3313 1145 3365 et
1168 3322 1226 3368 ru-

210 3408 330 3493 brum,
348 3404 489 3503 jucundo
509 3427 543 3479 et
562 3426 652 3499 grato
672 3410 848 3499 adspectu.
875 3408 965 3487 Satis
984 3408 1019 3482 id
1042 3408 1095 3478 vel
1109 3409 1228 3481 leviter

211 3526 395 3607 indicasse,
407 3522 495 3615 quod
513 3522 635 3593 imitari
657 3544 763 3615 neque
782 3522 881 3607 licet,
897 3545 1003 3613 neque
1020 3519 1139 3595 refert.
1153 3525 1226 3593 Do-

212 3640 320 3709 ctrina
340 3661 416 3708 rero
434 3653 468 3707 et
485 3636 604 3721 virtus,
615 3634 792 3731 praecipua
811 3635 903 3710 illius
921 3652 1133 3730 ornamenta,
1151 3635 1228 3716 imi.

215 3752 375 3823 tationem
394 3748 597 3843 efflagitant.

552 3867 883 3931 ΙΜΜΜΜΜΜΜ

255 4006 307 4091 (ι)
326 4004 449 4067 Novella
469 4000 546 4065 delia
565 4000 665 4087 repub.
683 4001 850 4093 tenereris,
870 4022 939 4068 ann.
964 3998 1050 4093 1755.
1070 4020 1138 4093 pag.
1161 4015 1230 4079 ttae·
