3259 4959
819 530 978 608 VITA

556 757 843 874 JOSEPHI
870 755 1235 866 'BARTHOLI

434 1649 520 1802 Ad
541 1725 750 1802 scribendum
770 1727 811 1798 de
831 1723 899 1798 viro
919 1723 1107 1820 aggredior,
1138 1725 1194 1819 qui
1224 1719 1404 1799 Seminarii

389 1847 523 1938 quidem
545 1845 688 1938 patavini
705 1843 826 1912 selrolis
847 1841 1015 1928 interfuit,
1033 1849 1214 1932 lrumquam
1237 1860 1346 1911 tamen
1367 1844 1405 1909 in

388 1991 428 2035 eo
449 1965 655 2036 domicilium
674 1963 808 2034 habuit.
830 1961 925 2054 Quod
945 1984 1043 2032 nemo
1063 1962 1174 2036 mirari
1199 1963 1316 2032 debet.
1337 1965 1408 2034 Ne·

389 2107 452 2175 que
477 2085 566 2156 enirn
586 2079 669 2154 milri
690 2083 844 2176 proposui
864 2085 906 2154 de
925 2083 968 2153 iis
987 2103 1137 2166 narrare,
1166 2085 1222 2176 qui
1252 2081 1407 2155 Semina·

389 2200 429 2268 rii
452 2222 563 2270 mensa
582 2199 632 2268 usi
653 2211 744 2284 sunt,
761 2197 819 2268 aed
838 2198 879 2267 de
899 2195 960 2283 iis,
980 2199 1036 2290 qui
1064 2198 1225 2270 litteraria
1253 2198 1404 2292 ejusdem

389 2315 598 2416 institutione
617 2318 799 2412 praeculti,
818 2312 970 2390 homines
999 2341 1131 2388 evasere
1151 2317 1299 2388 doctrina
1328 2320 1410 2389 illu-

368 2447 493 2528 atres.
514 2435 604 2508 Haeo
625 2436 787 2507 indicasse
807 2449 977 2506 contentus
995 2437 1165 2506 historiam
1186 2436 1316 2506 ordior.

437 2557 600 2648 Josephus
612 2556 783 2628 Bartholus
797 2557 924 2626 Patavii
940 2569 1099 2627 natusest
1114 2583 1188 2626 ann.
1205 2582 1243 2649 17
1258 2554 1408 2647 proxime

390 2673 495 2764 elapsi
515 2673 635 2742 saeculi
657 2691 770 2742 mense
789 2673 985 2743 Februario.
1006 2677 1161 2742 Parentes
1181 2672 1296 2743 habuit
1323 2677 1405 2743 Bar-

391 2787 614 2856 tholomaeum
637 2781 830 2856 Bartholum
851 2803 884 2857 et
903 2787 1064 2857 Bellinam
1085 2788 1126 2858 de
1145 2785 1319 2858 Manzonis
1331 2817 1341 2875 3
1361 2782 1407 2857 il-

389 2895 458 2970 lum
479 2897 613 2991 quidem
633 2925 675 2970 ex
690 2902 795 2992 prima
816 2899 942 2992 origine
961 2903 1202 2987 salodiensern,
1218 2901 1301 2971 hane
1327 2923 1405 2972 vero

304 3047 308 3054 ·
392 3009 587 3098 ex'fanrilia,
599 3038 681 3104 quae
695 3012 821 3108 jamdiu
837 3017 870 3082 in
886 3017 1124 3085 mediolanensi
1141 3016 1399 3086 dueatulloruit.

439 3123 570 3211 Ambo,
585 3126 709 3194 eximia
728 3122 839 3195 indole
856 3128 946 3216 pueri
966 3129 1119 3220 cognita,
1134 3152 1209 3199 eum
1222 3129 1339 3198 litteris
1351 3147 1414 3197 ex·-

393 3235 584 3328 poliendum
614 3255 784 3309 curarunt.
804 3245 849 3310 At
875 3265 988 3310 eorum
1008 3244 1172 3313 desiderio
1192 3243 1317 3334 primae
1345 3241 1411 3310 lru-

393 3351 446 3448 jus
464 3350 678 3422 institutionis
698 3355 805 3423 exitus
826 3379 889 3423 non
920 3354 1108 3446 respondit.
1138 3355 1290 3424 Pluribus
1320 3357 1411 3424 enim

392 3467 516 3556 loseph
535 3468 803 3558 praeceptoribus
820 3469 868 3538 uti
890 3493 1024 3540 neeesse
1046 3470 1182 3554 habuit,
1202 3468 1280 3560 quin
1301 3478 1416 3537 tamen

393 3597 505 3676 posset
523 3583 558 3649 in
577 3584 695 3652 studiis
716 3585 886 3675 progredi.
908 3586 995 3654 Cum
1014 3586 1104 3653 enim
1125 3585 1159 3653 hi
1179 3607 1245 3652 non
1265 3595 1417 3657 tenerent

394 3715 519 3769 eertum
539 3701 714 3792 quemdam
736 3705 885 3773 ordinem
914 3726 952 3774 ac
972 3705 1164 3773 methodum
1184 3704 1219 3772 in
1248 3702 1419 3788 docendo,

395 3821 452 3888 sed
473 3843 531 3912 pro
558 3821 713 3890 dissimili
743 3823 876 3913 ingenio
910 3823 1030 3916 singuli
1053 3823 1252 3893 dissimilem
1277 3843 1420 3910 usurpa⁴

391 3955 483 4028 aaut,
511 3939 589 4010 bine
617 3941 735 4029 fiebat,
768 3959 803 4012 ut
828 3941 886 4013 ille
905 3943 1062 4015 discendo
1084 3965 1192 4039 paene
1211 3941 1420 4027 dedisceret,

1590 3126 1597 3209 l
