3259 4959
505 294 710 351 sentement
728 291 911 348 manneus
1149 274 1215 367 ¹43

205 407 272 506 Qui
287 409 466 499 distinere,
484 410 612 505 inquit,
630 411 689 504 qui
706 409 892 504 explicate,
906 407 966 500 qui
981 407 1211 500 abundanter,

201 529 262 621 qui
288 523 477 596 illrum'nate
503 535 539 594 et
566 522 664 595 rebus
685 532 721 595 et
747 521 855 594 verbis
872 523 1007 614 dicunt,
1023 537 1058 595 et
1085 523 1121 594 r'rr
1136 527 1214 620 ipsa

200 640 353 712 oratione
371 637 467 732 quusi
485 638 663 731 quemdam
689 661 865 708 numerum
892 661 1082 732 versumque
1107 642 1214 732 confi.

201 756 313 844 crunt,
330 756 369 830 id
386 769 455 845 est,
475 757 565 849 quod
578 755 677 846 dico,
694 769 813 828 ornate
832 759 905 852 (ι).

249 877 434 949 Videamus
452 902 540 949 nune
556 878 637 971 quid
655 879 697 949 ds
714 879 768 950 his
796 878 856 950 alii
878 879 1042 950 senserint
1070 877 1219 950 emere:

203 993 268 1065 Vir
285 992 524 1080 doctissimus,
551 993 611 1064 ubi
631 993 739 1086 agion
756 993 798 1064 de
826 995 981 1065 litteratis
999 993 1119 1065 Italiae
1140 995 1217 1086 (a),

202 1109 360 1178 orationis
390 1107 489 1202 hujus
515 1107 680 1178 secundae
697 1107 904 1178 mentionem
931 1106 1217 1196 faoieneseribit,

202 1223 239 1294 iu
258 1224 320 1293 hoe
339 1236 532 1314 argumento
550 1237 717 1290 versatum
735 1243 810 1292 esee
828 1224 1035 1294 Frauzorrunr
1052 1222 1151 1293 saite.

249 1335 489 1425 sagacissimus
518 1333 751 1420 Muranum,
770 1333 824 1406 cui
852 1336 1028 1428 quotannis
1060 1335 1219 1408 mittebat

202 1451 350 1545 singulas
367 1451 531 1522 orationes
548 1474 625 1522 suas
642 1450 875 1540 Sebastianus,
894 1453 937 1524 de
955 1453 1075 1526 iisdem
1094 1457 1221 1548 magnif

204 1565 290 1638 fies.
322 1567 401 1637 Non
428 1563 470 1636 ad
493 1563 749 1635 assentationem
773 1581 808 1636 et
831 1565 971 1658 gratiam
999 1569 1103 1660 (erat
1126 1570 1220 1642 enim

202 1684 349 1755 alienum
365 1683 401 1755 id
416 1707 515 1776 quam
530 1681 679 1756 maxime
692 1682 736 1754 al>
753 1683 866 1754 indole
877 1685 1094 1780 Muratorii),
1106 1688 1165 1760 sed
1178 1713 1223 1764 ex

203 1805 315 1875 animo
337 1803 436 1898 plane
454 1804 613 1896 ingenuo,
632 1819 670 1874 ut
688 1825 730 1876 ex
749 1802 819 1900 ejus
837 1803 943 1897 ipsius
963 1807 1112 1898 epistolis
1130 1809 1220 1880 clare

203 1935 332 1991 constat
356 1919 522 1989 Frauzorro
545 1917 680 2005 missis,
708 1933 743 1990 et
767 1917 811 1990 ab
837 1919 1015 1994 heredibus
1041 1921 1219 2016 diligenter

204 2039 362 2110 serratis.

250 2160 340 2230 Illud
357 2159 459 2231 etiam
475 2157 653 2250 aliquando
667 2180 723 2231 me
739 2158 874 2230 audisse
887 2145 1047 2244 memini,
1058 2158 1220 2233 Jacobum

206 2276 385 2350 sutrinum
407 2275 580 2361 ,eximiae
608 2274 851 2370 intelligentiae
877 2273 1114 2370 professorem,
1138 2299 1221 2350 oum

207 2389 270 2461 has
288 2386 451 2460 orationes
469 2386 621 2480 legisset,
640 2388 838 2462 admiratum
859 2411 932 2462 esse
947 2389 1042 2462 valde
1059 2388 1220 2460 Frauzoni

207 2507 409 2602 ingenium,
436 2505 525 2600 quad
551 2529 605 2578 res
630 2502 701 2577 norr¹
714 2533 846 2601 prorsus
863 2509 981 2581 uberes
995 2508 1224 2600 ‘explicuisset

208 2626 395 2700 uberrime.
414 2623 590 2696 Orationes
611 2624 676 2696 hae
694 2627 817 2718 ubique
835 2645 993 2720 exceptae
1012 2649 1087 2699 eum
1106 2650 1224 2720 appro-

207 2744 344 2816 batione
362 2759 396 2813 et
413 2743 533 2837 plausu
547 2741 601 2812 vel
618 2742 705 2812 ultra
722 2743 856 2814 Italiam
865 2797 876 2830 ,
891 2744 927 2814 in
939 2742 1156 2814 nobilissimis
1175 2759 1225 2814 et·

208 2864 277 2932 iam
306 2865 457 2953 Europae
476 2857 673 2952 provinciis,
691 2857 876 2932 Germania
897 2859 1073 2952 praecipue
1097 2873 1132 2930 et
1150 2863 1223 2931 An·

206 2973 295 3068 glia.
323 2973 520 3048 Litterariae
538 2995 669 3070 quoque
693 2972 925 3068 ephemerides
953 2973 1224 3061 insusurras,

208 3093 267 3165 des
286 3091 426 3165 effusae.

253 3211 348 3282 Alias
365 3229 534 3303 praeterea
550 3210 674 3286 latinae
699 3226 736 3284 et
752 3212 851 3286 italae
877 3213 1042 3286 orationes
1067 3207 1202 3304 scripsit
1209 3219 1225 3298 ,¹

208 3347 347 3424 quarum
364 3326 486 3418 partim
504 3325 615 3398 editae
632 3343 729 3413 sunt,
745 3327 868 3419 partim
878 3327 984 3408 latent
1001 3341 1153 3426 expertes
1167 3326 1224 3398 ud-

552 3551 885 3600 ἪἫἊἏἊἫἊ.

254 3723 306 3804 (ι)
326 3720 395 3785 Lit.
414 3720 445 3785 5.
466 3717 503 3782 de
522 3731 592 3782 orat.
614 3739 641 3784 a.
667 3723 713 3802 14.
1214 3799 1217 3806 ⁴

208 3827 302 4012 Q(Se)
321 3825 460 3893 Giomale
479 3823 528 3890 tei
548 3824 688 3891 aaroni
714 3823 840 3894 erratis
861 3827 949 3896 Ten.
969 3821 1132 3902 mvn
1154 3837 1224 3917 pegi
1301 3901 1306 3908 ,
1348 3915 1349 3929 ¹
