3259 4959
597 421 739 472 susurrat
757 418 892 470 rosum
1179 391 1249 485 403

234 575 385 646 agrorum
405 548 583 632 culturam,
599 561 773 636 utramque
791 541 995 612 uberrimum
1013 539 1167 630 publicae
1187 541 1251 610 uti·

232 673 337 744 litatis
356 669 500 740 iontem.
516 665 662 738 Plurima
682 663 808 755 passim
829 659 966 754 praebet
985 659 1027 729 ad
1045 659 1178 729 easdem
1196 661 1249 730 in·

230 789 430 857 eitamenta.
450 787 494 853 Et
512 805 661 872 agrorum
681 779 816 870 quidem
838 779 999 846 culturam
1023 777 1113 845 dolet
1136 776 1250 846 domi-

233 921 349 969 norum
370 900 447 968 lusu
466 913 499 966 et
518 895 660 965 mollitie
681 893 805 986 negligi
827 893 901 982 (r):
923 892 1061 962 alteram
1082 914 1157 960 vero
1177 915 1250 982 pro.

233 1031 343 1083 movet
361 1011 489 1082 erudito
508 1011 681 1103 opusculo,
694 1012 782 1101 quod
798 1033 884 1079 anno
903 1007 989 1098 1782
1004 1005 1161 1078 Venetiis
1177 1031 1251 1099 pro·

237 1132 315 1201 tulit
331 1131 380 1202 sic
408 1130 619 1224 inscriptum:
637 1125 761 1221 Suggio
775 1123 812 1197 di
826 1125 918 1220 studj
936 1123 1045 1195 veneti
1061 1125 1255 1196 neil’astro·

234 1240 349 1314 uornio
376 1243 505 1313 enello
522 1244 674 1314 murina.
695 1242 768 1312 Pati
791 1267 856 1310 nou
880 1258 1008 1331 poterat
1026 1241 1251 1334 juventutem,

236 1357 423 1449 regionibus
451 1357 504 1427 his
533 1357 674 1442 relictis,
703 1357 901 1426 contendere
928 1383 993 1428 non
1022 1359 1250 1427 sinemurum

239 1469 383 1562 periculo
403 1471 445 1542 ad
464 1487 655 1541 extraneas.
686 1475 770 1541 Rem
794 1471 954 1541 dissuasit
982 1471 1115 1564 publice
1137 1469 1255 1540 habita

238 1585 484 1672 dissertatione,
499 1611 599 1678 quam
619 1603 733 1678 postea
752 1587 858 1657 edidit
877 1611 952 1657 cum
971 1587 1034 1658 hoc
1053 1582 1164 1658 titulo:
1186 1587 1255 1659 Del

201 1725 207 1738 ·
239 1695 436 1790 vioggiore.
464 1701 633 1772 Praesidio
662 1701 777 1774 multis
811 1725 911 1794 opera
940 1717 975 1772 et
1001 1699 1145 1772 consilio
1167 1699 1252 1771 fuit.

238 1813 481 1902 Seminarium,
512 1817 547 1886 in
577 1841 642 1907 quo
672 1817 841 1886 institutus
871 1815 997 1904 fuerat,
1025 1835 1116 1912 grato
1149 1819 1256 1892 animi

237 1957 336 2004 sensu
354 1938 754 2028 prosequebatur.Huuc,
770 1937 899 2030 quoties
918 1938 1047 2008 occasio
1067 1937 1184 2027 ferret,
1201 1937 1256 2013 de-

237 2055 462 2137 monstrabat.

284 2173 396 2244 Multa
414 2173 510 2242 illum
529 2169 746 2240 exercebant:
771 2167 927 2262 scriptio,
945 2169 1065 2256 lectio,
1085 2194 1257 2243 commen-

243 2291 339 2374 tatio,
355 2291 548 2380 praesertim
569 2311 646 2359 vero
666 2287 837 2359 assiduum
856 2313 931 2360 sum
954 2305 1000 2359 tot
1019 2291 1157 2359 eruditis
1174 2291 1256 2392 viris

242 2409 455 2499 epistolarum
483 2409 739 2478 commercium.
769 2411 878 2498 Quam
907 2425 1058 2479 actuosus
1082 2426 1188 2495 esset,
1208 2425 1257 2479 tot

244 2541 457 2592 monumenta
484 2523 682 2609 ostendunt,
707 2523 749 2593 ab
776 2547 815 2593 eo
843 2524 964 2614 partim
978 2523 1098 2628 ⁸relicta
1117 2525 1153 2593 iu
1173 2523 1257 2592 scri-

241 2641 329 2731 ptis,
350 2640 470 2730 partim
490 2639 525 2708 in
544 2641 652 2709 lucem
671 2641 775 2709 edita.
797 2641 990 2732 Numquam
1011 2643 1150 2712 vacabat
1168 2665 1256 2710 sum-

242 2781 376 2850 mopere
396 2759 439 2828 ab
457 2759 525 2827 otio
554 2759 750 2828 abhorrens.
778 2760 868 2848 Quin
889 2779 923 2830 et
943 2776 1143 2855 anagnostcn
1166 2760 1260 2836 adhi-

246 2879 319 2949 buit
339 2880 378 2949 ad
399 2903 570 2949 mensam.

270 2997 328 3063 ¹In
348 2991 508 3063 obeundis
528 2993 723 3062 urbanitatis
743 2991 860 3063 officiis
891 2992 1032 3086 diligens
1052 3009 1139 3080 erat,
1158 3019 1260 3086 quam

243 3111 299 3204 qui
319 3113 481 3182 maxime.
501 3115 581 3182 Fere
601 3137 698 3182 nemo
717 3136 759 3182 ex
779 3111 928 3203 patriciis
945 3113 1069 3182 venetis
1084 3113 1260 3188 Patavium

167 3266 170 3276 ·
248 3231 420 3318 seuiebat,
449 3257 547 3324 quem
578 3257 642 3302 non
673 3231 799 3318 adiret,
818 3257 857 3303 ac
876 3257 977 3324 saepe
1004 3232 1180 3318 inviseret,
1201 3230 1260 3302 ubi

245 3342 300 3416 hic
320 3349 523 3438 aliquamdiu
554 3369 753 3422 moraretur.
782 3351 893 3422 Nemo
912 3375 954 3421 ex
972 3351 1108 3419 advenis
1127 3351 1179 3422 vel
1198 3353 1260 3424 do-

244 3465 390 3554 ctrinae,
410 3465 461 3536 vel
482 3469 610 3558 generis
630 3469 832 3560 praecientia
852 3471 958 3538 clarus
988 3467 1050 3536 hae
1077 3471 1258 3560 transibat,

215 3579 219 3586 “
246 3605 342 3674 quern
365 3605 430 3650 non
450 3581 654 3668 conveniret,
674 3599 760 3652 certe
784 3607 850 3652 non
869 3585 941 3656 sine
961 3584 1172 3658 incommodo
1191 3611 1264 3680 pro-

589 3751 919 3778 fflfflfflfflffifflfflffi

282 3867 387 3946 (r)1n
410 3860 609 3927 dissertatione
638 3859 678 3922 ad
705 3861 852 3938 amicum,
878 3881 962 3944 quam
992 3862 1034 3924 sic
1067 3816 1254 3941 somniavit,¹

243 3991 261 4032 s
285 3969 443 4031 Coufronto
464 3963 539 4028 delle
561 3964 684 4048 stagioui
706 3965 752 4030 coi
771 3964 925 4050 principali
943 3965 1070 4052 prodotti
1092 3965 1169 4032 delia
1182 3985 1259 4031 can·

243 4094 376 4157 »pagna
394 4095 434 4134 s.
