3259 4959
569 356 768 407 coenemus
786 354 952 409 staturum
1197 333 1267 409 215

249 466 442 545 instituerer
450 526 461 559 ,
478 472 686 569 adeaac'prae
702 476 777 547 aliis
791 456 902 567 ipsum
918 477 1053 546 Petrum
1067 473 1267 547 Grimanum

255 592 460 663 Venetorum
489 594 626 682 ducem,
655 612 690 666 et
715 596 751 666 in
780 596 872 665 civili
902 593 1070 687 republica
1099 613 1267 665 versatum

186 708 191 717 '
252 710 445 801 splendide,
474 728 508 783 et
534 714 568 784 in
587 714 748 787 litteraria
768 715 964 802 honoribcc3
983 712 1075 807 cnjus
1093 736 1182 783 mora
1207 713 1269 783 de-

252 826 329 903 lleta
348 844 460 921 postea
480 855 500 899 a
518 832 691 909 Clemente
702 884 712 919 ,
734 833 862 923 poetico
880 832 1024 925 quodam
1043 828 1196 899 murico.

298 944 423 1038 Magna
442 964 512 1021 orat
530 950 621 1021 illius
649 950 780 1025 virtutis
799 950 935 1042 opinio,
955 948 1149 1042 praesertim
1169 946 1205 1015 iu
1229 968 1265 1016 re

249 1060 399 1147 poetica,
421 1061 514 1162 cujua
533 1064 701 1154 specimen
720 1065 818 1137 toties
844 1065 996 1137 dederat.
1020 1064 1141 1135 Nullus
1165 1083 1269 1153 prope

250 1192 324 1246 erat
351 1201 393 1253 ex
416 1182 459 1251 iia
483 1182 630 1267 libellis,
658 1184 714 1276 qni
743 1185 896 1255 dicuntur
918 1184 1015 1275 vulgo
1031 1178 1208 1266 dormite,
1231 1180 1269 1249 in

252 1316 319 1385 quo
339 1299 599 1375 desiderarentur
617 1302 764 1379 cannino
782 1301 929 1375 Sibiliati
939 1354 950 1387 ,
968 1301 1073 1373 latina
1093 1317 1149 1371 ant
1166 1300 1270 1385 itala3

254 1410 359 1481 multo
372 1428 482 1483 tarneu
495 1416 600 1508 magio
614 1416 780 1508 praestitit
796 1416 903 1501 italie,
917 1439 1016 1507 quam
1032 1416 1165 1499 latinia,
1181 1431 1216 1483 et
1229 1436 1270 1486 eo

253 1526 400 1599 erebrius
418 1532 571 1622 aeripeit,
593 1532 698 1610 [aceto
717 1546 751 1603 et
769 1535 861 1625 gravi
877 1534 977 1617 etilo,
996 1532 1154 1603 dissimili
1173 1554 1272 1622 prae·

254 1652 345 1719 terea
367 1658 527 1721 structura
546 1670 584 1716 ac
602 1646 831 1725 dimensione.
850 1644 1023 1741 Quidquid
1041 1646 1194 1730 auderet,
1221 1641 1274 1712 fe-

255 1780 291 1829 re
310 1784 442 1855 remper
467 1786 621 1857 prospere
648 1783 683 1837 et
709 1766 955 1843 obsecundante
981 1782 1117 1835 natnra.
1146 1764 1186 1835 ld
1209 1764 1269 1834 illc

252 1896 444 1971 assequutus
462 1880 568 1956 fuerat
587 1903 778 1978 experrecto
798 1886 933 1977 ingenio
953 1908 991 1955 ac
1009 1882 1143 1968 vivido,
1162 1878 1271 1953 facilis

252 2021 293 2069 ec
311 1998 423 2083 firmae
442 2005 622 2085 memoriae
641 2006 689 2094 ri,
704 2006 847 2085 assiduo
867 2030 929 2075 nan
949 2026 987 2079 ac
1006 2002 1138 2086 etudio,
1160 2016 1196 2069 et
1221 2024 1273 2071 ac.

253 2135 364 2187 curata
384 2118 585 2209 optimorum
605 2122 801 2211 scriptorum
821 2120 1030 2198 imitatione.
1049 2120 1201 2191 florente
1221 2140 1275 2187 ae·-

254 2243 322 2298 tate
340 2230 567 2309 delectabatur
585 2233 741 2307 Clemens
771 2232 831 2301 illo
857 2231 1034 2324 praecipue
1052 2254 1190 2321 poeceoc
1215 2254 1275 2322 ge-

257 2360 364 2425 nere,
391 2340 479 2431 quod
506 2344 670 2419 Bernesco
696 2344 847 2421 dicitur.
880 2342 1068 2421 Venantum
1096 2364 1175 2413 auae
1202 2364 1276 2411 car-

255 2450 356 2525 minir
383 2455 509 2551 genoe!
536 2457 624 2548 quod
652 2480 728 2538 cum
752 2457 794 2535 ad
821 2456 983 2530 sermonia
1011 2454 1273 2534 familiaritatem

255 2570 409 2658 accedat,
427 2572 591 2651 imitabile
609 2574 745 2667 quidem
768 2573 867 2657 facile
890 2576 1020 2655 videtur
1035 2575 1198 2663 audienti,
1215 2569 1278 2643 red

257 2680 346 2763 nibil
363 2696 415 2768 ert
433 2685 619 2779 experienti
635 2687 747 2761 mirns
765 2692 781 2783 (
805 2693 836 2783 ).

304 2800 422 2890 speret
440 2802 550 2891 idem,
565 2802 708 2887 inultum
722 2805 820 2887 rud&
829 2858 840 2897 ,
846 2802 1048 2906 strenaque
1060 2804 1194 2879 laboret

299 2916 404 2989 Am
421 2917 513 3004 idem
534 2924 610 3017 (2)t

254 3032 326 3103 Hoc
343 3058 421 3107 neue
448 3034 592 3119 feliciter
610 3039 789 3123 admodum
808 3042 1006 3131 sibiliamtt
1023 3043 1129 3116 immo
1147 3042 1183 3114 in
1208 3044 1273 3115 boc

254 3260 354 3331 fluere
372 3286 431 3344 tua
449 3284 566 3367 oporto
594 3271 742 3351 numetir
774 3289 810 3351 ut
830 3274 865 3346 in
885 3275 980 3367 epico
998 3298 1128 3367 quoque
1151 3278 1274 3347 carrad-

255 3402 317 3465 ne,
335 3381 407 3451 aive
426 3383 574 3472 heroico,
592 3389 628 3458 in
648 3414 712 3481 quo
731 3414 792 3461 aex
809 3394 911 3483 primi
936 3418 1049 3466 nereus
1068 3397 1185 3469 alterni
1204 3396 1272 3467 eibi

255 3497 401 3579 invicem
420 3522 593 3581 numerosa
611 3510 897 3597 coagmentatione
920 3512 1140 3605 respondent,
1157 3512 1270 3589 ultimi

591 3731 923 3777 mmmmm

295 3894 345 3973 (r)
365 3892 429 3957 Cic.
450 3895 482 3956 io
501 3906 574 3958 orat.
596 3915 622 3957 c.
644 3898 694 3961 23.

294 3998 344 4091 (a)
361 3998 433 4059 Hor.
455 3994 492 4061 tie
511 4010 564 4062 art.
583 4014 660 4085 potr.
681 4020 712 4067 t.
732 4008 801 4085 ¹4¹·
