3259 4959
394 391 463 483 436
855 415 938 464 vrrs

402 536 444 610 de
463 527 632 616 Sacrario,
652 531 738 622 quod
772 533 911 605 occurrit
937 531 975 601 in
1011 531 1154 602 ecclesia
1192 537 1345 628 principe
1375 566 1422 611 cx

402 649 470 722 illis
490 663 637 738 septem,
657 663 690 712 et
710 645 802 734 plura
830 647 976 713 continet
1001 647 1198 717 Sanctorum
1225 651 1422 742 Martyrum

380 785 555 852 corpora,
588 761 772 852 multasque
791 760 948 850 reliquias
973 783 1102 850 prorsus
1120 762 1268 854 insignes
1286 793 1299 852 3
1328 767 1371 836 de
1388 771 1424 838 i.

405 905 539 974 pscrum
564 903 734 970 corporum
755 879 790 948 in
818 879 902 948 illud
925 881 1085 970 oppidum
1105 881 1320 952 translatione
1338 887 1426 977 (t);

405 1002 446 1070 de
466 999 569 1091 signis
594 1022 631 1066 nc
651 997 757 1080 uotis,
778 995 864 1063 uude
885 996 1080 1085 martyrium
1111 998 1261 1088 proditur
1278 1003 1351 1091 (2);
1381 1005 1428 1074 de

403 1118 523 1209 sigillis
543 1139 581 1185 ac
600 1115 719 1186 litteris
739 1113 916 1204 diligenter
935 1118 1117 1203 expensis,
1136 1133 1170 1184 et
1188 1117 1340 1209 legitima
1358 1145 1425 1190 au-

404 1239 556 1307 ctoritate
594 1233 771 1324 recognitis
791 1233 867 1324 (5);
899 1234 940 1302 de
959 1233 1034 1304 aliis
1068 1234 1244 1324 plurimis,
1278 1262 1363 1328 quae
1383 1265 1425 1308 o-

404 1357 498 1427 mnia
517 1356 559 1424 ad
579 1355 669 1446 leges
689 1352 825 1422 criticae
844 1353 1019 1422 severioris
1038 1377 1184 1443 expensa
1218 1356 1329 1425 valent
1355 1360 1428 1427 mi-

406 1473 478 1542 rum
499 1487 658 1561 quantum
678 1467 720 1536 ad
740 1466 948 1535 excitandam
969 1467 1224 1538 admirationem
1243 1469 1278 1536 in
1299 1495 1342 1539 ea
1360 1495 1423 1540 sa-

316 1655 318 1664 ,
407 1615 462 1660 cra
483 1590 636 1681 pignora.
658 1589 750 1675 Opus
771 1587 940 1656 enimvero
959 1584 1120 1670 litterato,
1140 1602 1174 1656 et
1197 1587 1428 1658 ecclesiastico

407 1709 478 1776 viro
498 1704 655 1796 dignum!
678 1709 719 1774 Et
735 1705 797 1773 lrac
817 1704 1010 1794 praesertim
1032 1722 1138 1774 aetate
1162 1706 1259 1791 utile,
1273 1732 1338 1797 qua
1356 1735 1429 1778 nou

409 1825 586 1897 admodum
610 1824 713 1913 pietus
735 1807 838 1914 riget,
863 1824 932 1893 imo
952 1825 1065 1894 multis
1084 1841 1158 1914 eget
1176 1823 1428 1899 incitamentis.

409 1945 496 2015 Huic
515 1943 605 2032 operi
620 1943 804 2032 praemittit
820 1941 996 2032 epistolam
1017 1945 1060 2011 ad
1069 1944 1307 2031 Hieronymum
1323 1947 1429 2014 asea-

411 2061 504 2127 nium
525 2057 692 2128 Melinum
705 2109 715 2141 ,
726 2055 1049 2145 praestantissimum
1068 2074 1252 2126 senatorem
1265 2074 1300 2127 et
1318 2057 1432 2129 virum

410 2172 576 2240 errrditum
595 2168 648 2238 vel
669 2173 815 2239 maxime
835 2187 869 2239 et
888 2171 1094 2239 litteratum.

456 2285 640 2354 Plurimum
661 2285 750 2353 enim
772 2287 858 2352 viros
878 2283 1009 2354 colebat
1028 2284 1205 2370 litteratos,
1224 2283 1341 2354 solitus
1354 2307 1432 2355 eos·

408 2399 485 2472 dem
507 2399 646 2468 honesto
664 2397 778 2489 quovis
798 2396 905 2466 ollrcio
924 2400 1078 2490 prosequi
1097 2427 1107 2485 3
1140 2397 1317 2469 Stellinum
1346 2422 1431 2489 prae

409 2518 529 2588 ceteris
556 2518 591 2586 in
623 2519 898 2608 Archigymnasio
924 2519 1080 2608 patavino
1109 2517 1273 2586 celebrem
1297 2517 1430 2589 ethices

412 2629 650 2722 professorem,
670 2631 848 2720 multiplici
869 2631 1007 2701 scientia
1037 2632 1255 2717 instructum3
1282 2629 1341 2721 qui
1371 2629 1429 2701 fa·

413 2749 524 2821 ciebat
541 2766 575 2819 et
593 2749 702 2841 ipsum
723 2750 879 2840 plurimi,
898 2766 933 2819 ut
953 2768 1045 2841 patet
1064 2777 1106 2820 ex
1133 2749 1204 2844 ejus
1235 2750 1278 2818 ad
1311 2749 1429 2838 ipsum

411 2863 532 2938 littoris
553 2865 627 2957 (4):
653 2865 788 2956 plurimi
812 2888 941 2956 quoque
957 2864 1145 2935 Leonardns
1165 2866 1273 2954 Targa
1290 2862 1342 2930 vir
1358 2863 1433 2930 erri-

412 2984 501 3052 mius
520 2984 555 3052 in
575 3003 644 3053 arte
664 2983 812 3071 medica,
832 2983 903 3078 ejus
922 3010 1021 3075 opera
1041 3001 1075 3054 et
1108 2983 1246 3054 consilio
1274 2980 1433 3053 adhibito

409 3095 448 3168 in
468 3097 657 3165 recensione
675 3121 811 3187 operum
840 3099 917 3168 Auli
945 3097 1091 3167 Cornelii
1125 3097 1214 3166 Celsi
1245 3094 1431 3167 Seminarii

341 3305 343 3310 ,
412 3209 563 3303 patarini
585 3210 673 3301 typis
704 3209 835 3300 vulgata
854 3234 930 3277 ann.
954 3213 1051 3306 1769.
1070 3211 1165 3281 ldcm
1182 3209 1350 3280 fruebatur
1370 3209 1433 3280 iu.

408 3481 413 3520 g
752 3465 1083 3496 Wfflfflfflfflfflffl

451 3636 507 3718 (r)'
523 3635 592 3718 Pag.
615 3637 663 3718 59.

455 3743 505 3822 (2)
526 3745 593 3826 Peg.
615 3768 663 3826 7⁰·
685 3757 793 3827 etseq.

453 3853 503 3930 (3)
525 3854 592 3934 Pag.
614 3853 663 3929 64.

452 3956 502 4031 (4)
524 3957 623 4038 Opere
644 3953 722 4018 raris
743 3951 774 4018 di
796 3955 926 4042 Giacopo
945 3955 1062 4020 Stelliui
1084 3953 1153 4024 vot.
1181 3939 1230 4022 Vl
1260 3977 1331 4044 pag.
1361 3963 1445 4028 aas.

412 4063 584 4148 rrrgocutl.
888 4065 893 4071 ’
1570 4134 1571 4153 χ
