3259 4959
392 289 463 375 δυο
846 306 928 360 trra

433 434 500 513 Sed
518 431 589 532 ejus
609 434 712 508 virtus
731 449 800 504 tarn
820 434 965 526 angustis
984 431 1104 504 finibus
1132 427 1241 504 claudi
1266 429 1407 528 nequit.

387 555 445 644 pb
471 551 644 625 aestuariis
669 549 738 620 illis
761 549 944 618 Taurinum
972 547 1060 616 volat
1077 547 1226 640 eiusdem
1255 573 1401 620 numen.

388 673 442 742 Ibi
472 672 618 764 cogitant
647 670 821 738 honestam
855 666 1047 738 missionem
1080 668 1158 738 dare
1185 667 1404 738 celeberrimo

388 783 662 879 Tagliazucclrio,
684 798 718 850 et
732 780 888 852 Natalem
909 781 944 848 in
964 778 1035 871 ejus
1053 779 1161 848 locutu
1180 777 1345 864 sufficere,
1364 795 1406 850 nt

391 899 613 994 eloquentiam
633 885 823 988 profiteatur
849 894 886 964 in
904 891 1072 992 regio-ille
1099 891 1286 964 Athenaeo.
1313 897 1402 965 Eum

390 1016 582 1089 sustinendo
605 1029 696 1084 tauto
727 1011 876 1097 muneri,
903 1027 938 1084 et
965 1011 1092 1082 nomini
1115 1033 1229 1100 parem
1258 1011 1403 1080 ducunt.

389 1133 506 1216 Caruit
535 1152 586 1198 res
614 1140 754 1209 eventu,
785 1124 872 1214 quod
904 1123 1071 1208 Lastesius
1103 1121 1264 1192 abstinuit
1293 1121 1404 1192 officio

321 1252 325 1260 '
387 1248 554 1342 quolibet.
579 1247 653 1314 lloe
669 1243 779 1333 ipsum
803 1241 854 1332 illi
872 1241 999 1311 aditum
1019 1240 1202 1312 interclusit
1221 1241 1264 1310 ad
1281 1263 1402 1310 munus

389 1360 493 1458 aeque
524 1361 737 1455 splendidum
769 1359 987 1432 obtinendum
1022 1359 1057 1429 in
1087 1358 1219 1452 publico
1246 1357 1403 1452 patavino

387 1483 514 1571 Lyceo.

432 1600 480 1668 At
497 1593 683 1687 praemium
702 1583 817 1664 retulit
834 1585 905 1688 eius
924 1585 1056 1664 virtutis
1074 1589 1275 1684 praestantia
1291 1590 1403 1682 cogni·

387 1725 442 1794 ta,
461 1725 496 1779 et
521 1709 626 1778 bonor
650 1708 848 1777 cumulatior
874 1706 996 1776 rediit.
1026 1710 1111 1778 Eum
1139 1731 1253 1778 omnen
1280 1731 1402 1798 magua

386 1826 633 1897 existimatione
660 1826 812 1917 prosequi
841 1827 903 1896 visi
930 1842 1026 1912 suut,
1045 1849 1165 1918 magna
1193 1827 1402 1900 observantia

386 1941 513 2026 colere,
531 1940 660 2010 nobiles
679 1939 781 2010 etiam
800 1939 863 2008 viri
873 1986 884 2025 ,
903 1940 1090 2032 litterisque
1110 1941 1298 2030 conspicui3
1318 1965 1400 2032 prae

386 2057 505 2128 ceteris
523 2055 763 2156 celeberrimus
775 2057 911 2150 Marcus
928 2057 1128 2128 Foscarenus
1147 2079 1222 2125 eum
1242 2055 1399 2126 honorili-

387 2197 426 2243 ce
442 2173 597 2264 privatim
616 2171 753 2255 babuit,
771 2186 806 2240 et
824 2172 859 2240 in
879 2194 914 2240 re
932 2172 1093 2243 litteraris
1112 2197 1177 2242 uon
1196 2174 1299 2244 semel
1318 2195 1397 2244 usus

386 2302 438 2356 est
460 2288 532 2381 ejus
549 2308 670 2376 opera3
696 2283 781 2354 illud
792 2285 911 2389 dolere
929 2285 1065 2372 solitus,
1079 2287 1167 2377 quod
1180 2287 1282 2357 serius
1302 2310 1402 2378 agno-

383 2405 488 2477 visset
514 2421 643 2476 tantum
666 2402 772 2474 virum
784 2455 797 2489 ,
820 2403 874 2473 cui
901 2421 936 2472 et
962 2405 1027 2495 ipsi
1048 2404 1194 2476 detulere
1220 2403 1399 2496 plurimum

381 2525 617 2615 magistratus.
637 2526 681 2594 Et
698 2522 742 2591 ab
760 2522 815 2592 bis
835 2522 970 2613 quidem
984 2523 1108 2595 electus
1127 2526 1168 2595 ad
1188 2523 1396 2594 scribendam

383 2643 557 2714 historiam
576 2641 701 2730 publici
720 2641 987 2746 Arclrigyrnuasii
1009 2643 1177 2736 patavini,
1196 2642 1258 2713 fuit
1273 2641 1335 2712 lroc
1352 2643 1398 2714 ub

384 2762 507 2834 iisdem
522 2776 636 2851 postea
651 2761 778 2831 levatus
797 2785 914 2832 nuere.
930 2763 1006 2833 Fuit
1025 2764 1127 2834 etiam
1137 2761 1179 2832 ab
1195 2762 1277 2854 ipsis
1289 2761 1398 2856 jussus

382 2881 542 2951 librorum
561 2879 759 2973 inspectoris
779 2882 833 2971 (ι)
853 2879 961 2952 officio
993 2880 1085 2975 iungi
1105 2882 1139 2952 in
1159 2880 1223 2967 iis,
1240 2903 1324 2973 qnae
1350 2903 1400 2950 re-

382 2992 542 3083 ligionem
572 2993 758 3082 attingunt.
789 2993 908 3064 Eidem
937 3011 1106 3084 praeterea
1126 2991 1263 3064 facultas
1292 2993 1398 3061 tradi·

382 3127 418 3180 ta
436 3109 490 3200 (2)
509 3108 708 3198 expediendi
727 3109 843 3178 Brevia
862 3111 1061 3200 apostolica.
1082 3111 1208 3182 Invitus
1227 3109 1314 3200 quod
1341 3133 1399 3178 se*

382 3227 478 3320 quius
506 3226 571 3311 sit,
596 3226 639 3296 de
665 3225 728 3296 boc
755 3226 825 3295 viro
850 3228 987 3320 loquor.
1005 3233 1045 3298 In
1065 3227 1127 3298 hoc
1146 3252 1210 3298 non
1241 3225 1398 3297 omnibus

361 3329 560 3416 'suuslecitz
580 3340 661 3432 quin
687 3342 723 3414 in
748 3339 965 3412 offensionem
992 3342 1150 3412 incurrit.
1177 3341 1256 3412 Non
1283 3355 1399 3410 tumen

228 3523 234 3538 .
260 3537 268 3543 ,
384 3479 556 3563 propterea
585 3462 715 3533 destitit
743 3462 850 3554 rogari
876 3489 896 3533 a
920 3461 1069 3554 pluribus
1089 3479 1124 3534 et
1152 3458 1297 3533 consuli.
1316 3461 1402 3531 Fre-

421 3919 470 4000 (2)
488 3919 578 3980 Auno
598 3917 683 4004 1769.
