3259 4959
398 388 549 443 totms
567 385 753 439 rnrncrscr
772 382 963 434 sansanrcr
981 379 1087 433 euno.
1189 362 1254 438 231

244 504 378 598 agrique
396 504 478 575 locis
494 502 599 594 viguit
617 524 682 569 non
699 499 770 569 sine
791 497 916 589 ingenti
936 498 1120 567 animarum
1135 494 1260 571 fructu.

245 622 351 691 Mirus
372 620 467 689 ardor
493 616 626 708 pietatis
652 638 691 682 ac
719 612 889 705 religionis
916 610 1132 698 excitandae,
1151 630 1263 684 custo·

243 733 414 819 diendae,
441 728 693 823 propagandae!
726 728 812 797 Huic
837 728 998 798 debentur
1024 744 1073 796 tot
1095 727 1166 823 ejus
1184 731 1263 822 piae

242 837 486 931 institutiones,
507 844 672 935 magnifici
691 859 842 933 sumptus
851 894 863 927 ,
881 841 1005 920 assidui
1020 841 1169 912 labores.

288 968 327 1035 In
351 966 513 1036 litteratos
533 980 700 1056 praeterea
720 962 806 1033 viros
827 962 1038 1047 munificum,
1052 962 1087 1031 in
1102 985 1264 1053 pauperes

243 1078 478 1151 vercellarum
504 1101 540 1147 se
567 1075 746 1168 praebuit.
780 1076 850 1143 llos
882 1078 1077 1167 opportunis
1104 1075 1263 1169 subsidiis

245 1200 401 1269 invitatos
431 1196 548 1269 diebus
576 1195 669 1267 festis
698 1194 829 1265 volebat
846 1220 922 1266 eum
945 1197 1022 1265 aliis
1040 1198 1198 1269 interesse
1226 1197 1264 1267 iu

242 1320 367 1408 templo
395 1316 594 1387 christianae
629 1313 826 1399 catechesi,
849 1338 949 1404 qnam
975 1313 1092 1385 sedulo
1119 1333 1153 1385 ct
1188 1315 1263 1405 ipss

242 1434 378 1519 obibat,
396 1430 594 1523 importunis
625 1428 726 1499 etiam
756 1428 847 1498 boris
865 1454 904 1499 ac
924 1429 1198 1518 tempestatibus,
1226 1446 1263 1501 ut

238 1547 385 1641 parvulis
405 1545 593 1637 petentibus
622 1566 741 1634 panem
761 1541 943 1636 frangeret.
965 1544 1096 1615 Brixiae
1113 1544 1263 1615 schol-nn

240 1678 409 1754 practerea
429 1660 471 1733 ad
487 1658 686 1751 peculiarem
705 1658 842 1749 inopum
862 1658 1103 1729 institutionem
1119 1658 1262 1752 adjecit.

241 1779 335 1867 Quae
354 1774 511 1845 hactenus
520 1827 530 1860 ,
545 1772 615 1869 ejus
635 1772 795 1865 pietatem
811 1791 845 1843 et
860 1773 1049 1866 largitatem
1066 1774 1264 1865 ostendunt3

241 1914 325 1984 quae
344 1916 441 1977 mos,
462 1892 563 1963 etiam
583 1892 884 1983 magnificentiam.

291 2006 438 2077 Mariam
458 2006 659 2079 Casimiram
687 2007 900 2077 invictissimi
930 2008 1068 2081 loannis
1095 2010 1265 2080 III-Polo·

243 2120 318 2190 niae
337 2122 424 2212 regis
443 2122 576 2191 viduam
598 2144 637 2189 ea
665 2120 909 2211 magnificentia
928 2120 1083 2193 Veronae
1107 2124 1262 2215 excepit,

241 2258 326 2323 quac
345 2234 441 2301 decet
459 2234 565 2300 virum
594 2230 800 2321 principem.
829 2232 981 2325 Gregorii
999 2235 1174 2305 Barbadici
1202 2263 1264 2329 pa.

190 2360 192 2367 '
244 2350 309 2419 trui
336 2351 387 2419 sui
415 2352 579 2442 promovit
606 2350 732 2421 cultum
755 2350 927 2441 publicum
953 2376 1030 2423 cura
1060 2371 1095 2423 et
1122 2360 1263 2446 pecunia

243 2462 401 2555 ingenti.
429 2463 611 2555 Episcopus
639 2464 761 2535 accitos
791 2465 834 2535 ad
866 2467 1066 2539 exercendas
1102 2470 1144 2541 de
1172 2496 1265 2543 more

241 2576 450 2668 quaestiones
477 2577 595 2649 eodem
624 2593 771 2669 tempore
799 2603 864 2648 non
889 2604 955 2649 uno
973 2581 1009 2651 in
1027 2582 1099 2653 loco
1128 2585 1263 2676 excepit

242 2692 377 2761 omnino
395 2691 570 2781 splendide
596 2709 631 2762 et
658 2692 860 2763 liberaliter.
884 2694 1035 2785 Cumque
1062 2696 1263 2779 obtinuisset

249 2809 381 2879 decreto
400 2810 507 2879 almae
535 2811 655 2883 Curiae
675 2836 831 2883 romanae
847 2814 922 2905 (r),
948 2830 984 2883 ut
1002 2815 1072 2908 ejus
1087 2818 1102 2907 (
1115 2818 1172 2908 qui
1202 2819 1266 2889 rite

242 2925 340 2997 titulo
362 2924 562 2999 venerabilis
585 2946 698 3001 auctus
722 2927 874 3021 fuerat),
900 2932 1026 3025 atejus
1045 2933 1259 3011 cadavere,

237 3044 350 3135 pulcro
367 3060 496 3115 erutum
505 3098 516 3133 ,
534 3062 569 3117 et
588 3071 607 3117 a
626 3047 815 3119 constitutis
833 3048 1000 3143 judicibus
1019 3066 1184 3143 repertum
1205 3055 1261 3127 ad.

238 3160 302 3231 hnc
322 3164 432 3252 specie
452 3164 579 3258 integra
599 3184 809 3259 reponeretur
833 3169 905 3265 loco
924 3167 1094 3261 digniore,
1112 3174 1258 3263 sumpti·

237 3271 299 3345 bus
319 3280 383 3345 non
412 3280 586 3369 pepercit,
609 3298 646 3351 nt
672 3282 708 3353 id
726 3305 766 3353 ea
785 3282 1036 3355 honorificentia
1053 3284 1167 3372 lieret,
1194 3312 1262 3380 qua
1377 3369 1380 3375 ,

241 3387 310 3461 ficri
331 3411 441 3482 posset
459 3397 626 3467 maxima.
646 3399 813 3471 Tabulam
833 3426 1051 3473 marmoream
1082 3405 1170 3497 pilae
1201 3430 1259 3476 ec-

238 3509 360 3581 clesiae
380 3514 579 3585 cathedralis
599 3518 757 3590 insertam
781 3537 815 3589 et
837 3538 988 3593 ornatam
1006 3524 1131 3595 circum
1158 3525 1259 3596 nndi-
1279 3533 1284 3550 ¹

585 3722 919 3757 mmmmm

279 3888 329 3967 (r)
350 3885 429 3953 Vide
448 3886 609 3955 sandinum
629 3891 660 3955 in
679 3898 862 3961 anunntiare
882 3902 912 3963 6.
936 3898 974 3963 ad
1000 3902 1090 3968 rien
1108 3898 1260 3969 Benedicti

234 3987 312 4055 x111
332 3992 416 4055 Pont.
435 3990 518 4059 Max.
