3259 4959
1160 394 1202 453 2¹

193 529 259 607 qna
278 512 307 586 is
335 496 497 607 probitate
527 513 632 600 essct,
661 515 725 606 qua
753 495 881 600 indole,
901 496 1021 607 quibos
1039 520 1205 594 moribus.

192 628 232 697 ln
256 630 308 701 his
327 632 416 699 enirn
438 630 574 723 putabat
592 633 657 723 (ut
676 656 786 701 revera
805 636 884 724 est)
905 645 1109 707 momentum
1128 664 1204 710 ma.

191 748 321 817 ximum
339 769 413 819 esse
431 746 597 839 positum.
626 748 700 819 Nec
723 748 874 840 eligebat
901 720 1122 845 quomduam,
1140 754 1208 827 nisi

194 876 375 949 praestaret
398 862 485 933 vitae
504 862 602 933 laude
620 861 695 953 (ι).

239 980 317 1049 Non
336 982 497 1075 dignitate
517 1000 557 1053 ac
573 980 713 1053 seientia
732 992 861 1053 tantum
881 967 1010 1075 praeire
1034 972 1209 1077 discipulis

120 1100 124 1109 '
190 1113 418 1187 praeceptores
437 1093 589 1182 volebat,
608 1096 668 1167 sed
688 1098 791 1167 multo
822 1100 929 1189 magis
952 1100 1077 1189 pictate
1097 1125 1135 1170 ac
1154 1125 1210 1171 re-

192 1213 335 1304 ligione:
353 1214 507 1301 rotabat,
525 1218 661 1307 inquam
672 1244 682 1301 ς
701 1240 757 1288 eos
778 1217 820 1286 ab
840 1217 895 1287 his
915 1218 1039 1288 erudiri
1059 1217 1211 1290 intimo·

190 1360 228 1403 re
246 1333 399 1406 Domni.
416 1338 526 1423 Quare
552 1336 588 1403 in
614 1332 825 1405 inferioribus
849 1335 973 1406 scholis
999 1354 1066 1405 non
1090 1336 1209 1406 dicbus

188 1449 297 1516 solum
312 1435 499 1517 Donrinicis
518 1452 645 1517 sacram
665 1448 855 1518 catechesin
874 1449 990 1519 haberi
1015 1446 1130 1544 jussit,
1148 1450 1209 1520 sed

193 1566 374 1660 cujuslibet
398 1584 567 1658 praeterea
595 1567 824 1637 hebdomadae
842 1586 930 1639 certa
957 1568 1031 1655 die,
1051 1568 1212 1640 litteraria

190 1684 399 1756 institutione
415 1700 546 1777 peracta
558 1686 612 1779 (2)
625 1722 635 1758 .·
648 1686 684 1759 Si
699 1689 780 1779 quid
801 1689 836 1757 in
856 1687 1001 1779 profanis
1022 1689 1210 1759 auctoribus

192 1802 275 1875 forte
302 1822 512 1893 occurreret,
539 1808 627 1899 quod
655 1808 781 1899 optime
809 1826 888 1879 com
913 1806 1073 1899 religione
1100 1825 1214 1878 nostra

191 1926 397 2010 concineret,
415 1926 451 1997 id
469 1916 653 2019 praelegi‘a
673 1927 839 2017 magistris
864 1927 970 1998 votuit
988 1941 1024 1995 et
1050 1925 1211 1997 inculcari

193 2046 381 2138 discipulis.
402 2046 558 2120 Amoveri
580 2060 691 2115 autem
710 2045 806 2139 longe
816 2098 827 2132 ,
839 2068 877 2115 ac
894 2055 1026 2136 prorsus
1044 2042 1212 2117 eliminari

193 2161 354 2252 quidquid
374 2173 491 2230 nocere
509 2168 622 2249 posset
640 2154 736 2225 bonis
755 2156 925 2242 moribus,
940 2157 1084 2225 nondum
1106 2157 1143 2225 in
1162 2175 1213 2226 tu·

195 2290 229 2338 to
248 2273 365 2361 positis
384 2272 457 2358 (3).
478 2268 528 2339 Ao
547 2276 719 2359 propterea
738 2268 885 2359 singulos
904 2282 1131 2359 praeceptores
1150 2292 1211 2359 pro

149 2404 153 2411 '
192 2388 262 2459 suis
282 2385 484 2463 auditoribus
503 2410 595 2455 orare
613 2386 726 2480 jobet,
743 2386 929 2478 iisdemque
949 2402 985 2456 oe
1001 2406 1075 2456 cum
1095 2380 1137 2457 ad
1157 2385 1212 2454 lit·

191 2516 298 2586 teras,
314 2518 383 2571 tum
403 2494 445 2570 ad
463 2500 618 2569 virtutem
638 2499 795 2592 praebete
814 2501 914 2570 duces
934 2499 1103 2591 (4).Vult
1117 2499 1209 2591 ipsos

191 2616 228 2685 in
246 2638 282 2684 se
301 2638 376 2684 eam
404 2613 538 2705 pictatis
565 2611 706 2683 fonnem
735 2614 945 2705 exprimere,
966 2638 1072 2704 quam
1091 2613 1143 2683 illi
1163 2613 1217 2683 ri-

192 2746 225 2799 to
249 2728 439 2799 imitentur.
459 2729 639 2819 Nunquam
658 2727 788 2798 destitit
814 2727 1048 2798 commendare
1075 2727 1210 2819 pictatis

193 2841 359 2912 studium.
374 2842 464 2931 Quin
483 2838 635 2911 carndem
654 2838 820 2932 promovit
837 2840 946 2910 modis
965 2841 1138 2927 omnibus,
1155 2840 1213 2912 ad.
1251 2879 1264 2913 t

191 2960 453 3047 hortationibus,
486 2960 642 3047 monitis,
670 2960 820 3051 iegibus,
847 2958 1011 3030 institutis
1021 2989 1033 3049 3
1062 2960 1211 3029 maxime

191 3096 268 3143 vero
287 3075 459 3165 exemplo:
480 3073 734 3165 quodomnium
754 3074 901 3143 maxime
917 3070 1034 3145 efficax
1045 3074 1118 3164 (5).
1139 3071 1212 3142 Vir.

192 3197 301 3265 tutem
322 3186 411 3259 enda
443 3198 479 3260 et
505 3199 639 3259 exercet
665 3197 701 3259 et
730 3184 882 3257 ostendit
902 3198 998 3268 recto
1024 3187 1115 3261 actio
1135 3186 1211 3279 (6).

535 3377 867 3408 mmm

231 3486 281 3567 (r)
303 3486 370 3547 Act.
390 3484 494 3547 Bootis.
514 3488 557 3549 Τ.
568 3486 608 3548 11.
628 3486 768 3550 Summas.
779 3500 846 3567 pag.
858 3505 906 3565 ²9·
918 3496 946 3543 et
956 3483 999 3543 T.
1011 3482 1064 3547 Ν.
1074 3501 1140 3565 pag.
1152 3480 1204 3549 20.

235 3588 379 3670 (2)1hid.
402 3591 444 3652 Τ.
466 3591 504 3651 Π.
525 3590 664 3651 Summar.
684 3610 751 3671 pag.
772 3590 822 3651 65.
844 3590 888 3649 Τ.
906 3588 962 3654 Ν.
982 3606 1048 3673 1³²8·
1069 3587 1119 3651 αθ.

233 3695 283 3773 (5)
305 3696 398 3755 instit.
418 3694 457 3756 ed
475 3695 582 3757 Semin.
603 3695 714 3775 Regini.
735 3712 799 3777 pag.
820 3712 869 3776 79.

237 3801 286 3875 (4)
308 3795 383 3858 lhid.
402 3820 468 3880 pag.
489 3800 539 3865 tt.
561 3811 589 3861 ct
613 3800 677 3861 103.

235 3904 285 3982 (5)
303 3902 371 3967 Act.
391 3904 493 3964 Bestit
515 3906 557 3965 T.
578 3905 635 3972 tv.
654 3904 793 3978 summer.
811 3920 876 3988 pag.
899 3920 967 3965 aaa.
988 3910 1017 3965 et
1036 3896 1108 3963 223.

125 3998 130 4010 ’
234 4016 283 4104 (6)
302 4008 405 4081 aene.
423 4012 480 4099 Ep.
501 4010 617 4081 XCIV.
