3259 4959
213 477 393 555 diolancnsi
406 456 584 549 dorlalite'te
594 512 605 563 t
615 474 713 569 quam
725 474 835 569 paxillo
844 486 921 549 ante
935 479 1226 579 indicarimus(1)r

213 596 383 670 Vivebant
401 599 456 667 isti
476 596 713 682 communiter,
724 598 942 668 communiter
960 601 1155 671 habitabant
1172 605 1229 675 dea

215 738 307 789 nrum
325 716 510 791 seminario
532 715 735 809 proximam,
755 740 855 809 quam
874 718 1127 809 ipsitcoernerat
1141 724 1231 793 Ban-

216 843 366 911 nsurcus'
375 886 385 924 ,
405 855 439 908 et
458 837 681 931 appellaverat
698 837 945 929 gregorianam,
956 816 1000 910 ad
1017 841 1230 910 excitandam

212 954 315 1023 ctiam
333 954 367 1021 in
384 952 459 1023 aliis
477 950 722 1022 venerationem
742 951 777 1020 in
794 952 829 1024 St
849 954 1046 1045 Gregorium
1064 956 1229 1046 Magnum

214 1090 388 1163 patronum
405 1096 502 1142 suum
518 1072 572 1164 (a)
588 1122 596 1140 .
614 1073 685 1142 Hac'
698 1070 739 1143 de
757 1088 857 1143 causa
875 1097 962 1142 anno
983 1075 1089 1163 1671,
1109 1073 1165 1143 die
1189 1096 1230 1149 ta

214 1192 333 1261 Martii
353 1192 462 1261 eidem
482 1190 516 1263 S·
536 1188 695 1283 Gregorio
722 1212 841 1277 sacra,
865 1209 972 1263 certas
991 1191 1151 1284 quasdam
1169 1216 1230 1283 ops

216 1321 371 1393 pertunas
387 1305 513 1397 regulas
529 1303 666 1374 tradidit
681 1304 822 1373 solemni
838 1305 903 1375 ritu
918 1329 1022 1375 norae
1035 1305 1134 1401 hujus
1147 1307 1233 1377 cons

216 1418 416 1510 gregationia
435 1419 598 1502 alumnia,
617 1440 716 1509 quam
736 1418 918 1507 patrocinio
932 1416 1040 1489 lulciri
1050 1466 1062 1504 ‚
1076 1436 1111 1489 et
1129 1422 1234 1490 nomi·

216 1558 259 1605 ne
279 1540 386 1607 omari
408 1538 510 1609 voluit
528 1537 562 1609 8.
578 1538 779 1608 Prosdocimi
802 1538 1043 1630 protoepiscopi
1063 1540 1234 1629 patarini,

217 1667 252 1720 et
271 1654 420 1751 ejusdem
438 1654 584 1728 cirimtis
603 1653 731 1745 patroni
753 1653 934 1743 principis,
951 1664 1022 1726 turn
1040 1645 1073 1725 S.
1093 1656 1233 1725 Antonii

217 1772 448 1847 Patavinomm
467 1773 603 1861 tutoris,
623 1772 855 1843 miraculorum
883 1774 987 1865 gloria
1014 1772 1235 1843 celebratissi-

219 1897 266 1967 mi
286 1898 323 1987 (3
334 1896 359 1987 )
380 1898 463 1965 Acta
480 1894 563 1964 haec
581 1908 671 1983 tanto
689 1892 826 1985 pietatis
843 1892 973 1980 studio,
989 1908 1026 1961 ut
1041 1916 1105 1961 non
1123 1910 1236 1984 potue*

219 2010 264 2079 rit
275 2009 438 2099 lacrymas
450 2009 617 2079 continere
631 2007 840 2077 Graeceius
854 2006 947 2096 ipae,
962 2006 1016 2075 cui
1036 2032 1156 2077 novum
1172 2006 1236 2077 hoo

220 2122 407 2193 institutum
423 2143 601 2211 permagno
620 2117 788 2187 constititr
799 2120 912 2188 Multa
924 2119 1054 2189 scilicet
1071 2138 1237 2211 argenteo-

223 2264 297 2309 rum
315 2243 489 2307 nummum
508 2236 633 2320 millia,
647 2252 682 2303 et
701 2235 810 2324 plures
829 2236 887 2305 alii
909 2252 1076 2327 praeterea
1089 2241 1173 2307 sacri
1189 2265 1239 2310 rea

223 2358 313 2427 ditus
332 2356 374 2425 ab
395 2354 510 2425 eodem
530 2353 619 2425 luere
638 2352 820 2461 liberaliter
837 2355 872 2423 in
891 2355 927 2425 id
944 2356 1056 2425 collati
1076 2357 1149 2448 (4l·‘

271 2471 405 2543 Solebat
424 2469 488 2537 huc
505 2468 666 2537 ventitare
681 2466 864 2577 identidem
893 2468 1098 2554 Cardinalis,
1122 2473 1236 2561 exples

221 2600 348 2657 rutenis
367 2605 446 2651 num
465 2580 592 2673 singula
612 2602 654 2649 err
671 2580 743 2672 lege
756 2580 888 2648 fierent.
901 2582 1048 2652 Iusserat
1066 2582 1145 2668 ille,
1158 2601 1235 2652 cum

224 2704 337 2773 eibum
355 2716 542 2787 sumerent,
562 2696 835 2771 accumbentibus
851 2699 928 2770 aliis
946 2699 1105 2769 inservire
1133 2725 1237 2771 unum

224 2837 267 2887 ex
287 2814 368 2907 ipris
379 2868 390 2900 ‚
408 2814 547 2883 alterurn
567 2812 610 2883 ad
630 2836 780 2883 mensam
799 2814 929 2904 legere,
948 2814 1134 2904 pariterque
1152 2832 1240 2885 cetea

224 2956 279 3006 tos
297 2935 453 3025 deinceps
480 2958 594 3003 omnes
623 2924 739 3005 eodem
759 2930 851 3025 fungi
870 2956 1005 3003 munere
1023 2955 1083 3025 per
1108 2932 1237 3003 hebdo⁴

221 3057 356 3129 medam
375 3056 449 3148 (5)÷
471 3053 627 3125 Lectione
652 3052 799 3123 conlecta
806 3106 818 3139 ,
836 3053 1089 3145 expendendum
1116 3076 1237 3144 propo·

561 3214 896 3253 fflmfflmfflmum

267 3358 316 3449 (r)
337 3362 403 3429 let.
422 3356 525 3429 lieetil.
546 3360 589 3431 'l’-
607 3361 646 3429 lle
667 3362 806 3431 Summae.
819 3387 886 3451 pega
907 3356 974 3430 ἀὖε
995 3352 1125 3427 cordam
1143 3353 1175 3425 in
1193 3354 1239 3429 vi*

229 3476 261 3533 la
282 3469 374 3553 ejusd.
395 3465 475 3533 Beati
495 3488 558 3555 pag.
579 3472 628 3549 34.

268 3575 316 3653 (a)
336 3577 407 3637 Inst.
426 3574 464 3635 ad
483 3566 553 3637 Obl.
575 3572 596 3635 lo
629 3574 653 3633 ι’.
674 3594 701 3634 co
732 3564 760 3635 δ’.
791 3586 822 3657 p.
844 3576 873 3635 8.
898 3561 1148 3635 Actolleotil.‘1⁴.
1179 3564 1236 3641 Ν,

225 3668 364 3741 Summar.
381 3698 445 3759 pag.
466 3678 534 3739 23¹·

269 3786 318 3863 (5)
342 3782 468 3844 Cordum
487 3787 517 3845 in
536 3786 595 3847 vita
614 3772 706 3866 ejusd.
728 3774 809 3849 Beati
827 3779 859 3847 Ρ.
880 3774 905 3847 l.
925 3805 951 3848 ec
976 3788 1022 3849 132

270 3892 319 3969 (4)
340 3892 406 3951 aar.
427 3894 527 3952 maer.
548 3886 589 3955 ⁹1⁵.
609 3884 648 3955 ll.
671 3886 810 3959 Summas.
830 3915 894 3975 pag.
911 3893 959 3975 59·

270 3996 321 4075 (5)
342 3990 417 4059 llll·
440 4000 482 4065 Τι
502 4001 557 4070 IV·
578 4004 716 4068 somna.
737 4014 802 4085 pag.
827 3998 892 4061 165.
