3259 4959
836 567 998 654 Vtut

619 811 862 934 ANTON
866 809 914 921 11
949 801 1184 922 JUDICI

442 1577 553 1744 Qua
570 1635 777 1725 dielletalie
794 1647 964 1722 Lastesius
982 1662 1017 1717 et
1029 1627 1228 1718 Vincentius
1239 1642 1322 1720 iloto
1338 1641 1394 1742 (tl
1403 1665 1420 1740 ,'

392 1768 457 1839 viri
481 1757 648 1836 scribendi·
666 1765 763 1835 laude
781 1761 961 1857 praeclari,
978 1756 1095 1832 eadem
1106 1761 1121 1854 (
1133 1753 1188 1832 XI
1199 1761 1325 1836 seilicet
1343 1765 1415 1835 Cal.

390 1871 595 1961 Novembris
611 1904 702 1955 anno
720 1877 1056 1976 manumittendum
1075 1880 1268 1976 patavinum
1286 1882 1417 1976 ingres·

394 2027 451 2077 eus
473 2017 525 2072 est
543 2002 647 2072 etiam
674 2000 839 2072 Antonius
857 1998 968 2070 Judioi
995 2021 1110 2073 eorum
1128 1997 1258 2092 ultique
1283 2023 1360 2091 par.
1380 2003 1415 2072 Ie

393 2120 585 2214 quindecim
600 2143 705 2190 annos
723 2133 801 2192 ante
819 2121 919 2212 (VII
937 2119 1010 2190 Cal.
1029 2119 1177 2210 Jnnias)
1194 2136 1289 2190 netoe
1306 2117 1415 2192 fuerat

393 2236 536 2309 atestino
551 2235 589 2306 in
607 2229 752 2326 oppido.
772 2233 827 2306 Ibi
850 2227 1065 2326 grammatino
1083 2234 1290 2304 institutione
1316 2257 1413 2325 prae-

392 2355 499 2426 cultus
518 2350 561 2426 ad
578 2378 639 2424 noe
657 2341 821 2425 accensit.
837 2356 949 2444 Quare
968 2353 1077 2448 jussus
1093 2349 1159 2424 fuit
1176 2351 1290 2423 stetim
1314 2351 1356 2422 nd
1374 2353 1414 2423 il-

392 2475 427 2546 la
445 2466 657 2558 incumbere,
676 2495 762 2564 quae
782 2469 826 2541 ab
843 2471 1052 2546 humanitate
1073 2480 1199 2542 nomen
1214 2470 1412 2542 sortiuntur.

438 2581 657 2682 Experrectus
676 2589 895 2661 adolescentis
915 2594 1068 2680 animus}
1089 2579 1328 2685 intelligentiae
1354 2615 1411 2661 sa-

391 2705 539 2799 gacitas,
556 2698 895 2782 memoriaelirmitas
906 2760 918 2794 ,
937 2707 1088 2778 assiduus
1108 2731 1185 2776 usus
1214 2706 1411 2778 videbantur

394 2819 495 2908 plane
522 2799 664 2892 dminnri
693 2846 759 2892 non
788 2813 992 2893 mediocrem
1011 2819 1080 2891 lore
1107 2821 1142 2890 in
1162 2837 1231 2892 otte
1251 2819 1412 2891 rhetorica

390 2937 481 3008 illius
509 2963 740 3030 progressum.
771 2942 1063 3032 Exspectationem
1092 2941 1230 3010 omnino
1255 2938 1410 3032 implevit

393 3064 530 3129 eventus
548 3102 559 3121 .
577 3054 684 3146 Hujus
703 3053 902 3144 disciplinae
929 3077 1024 3126 cursu
1044 3054 1211 3142 confecto,
1235 3054 1410 3125 biennium

390 3171 600 3264 philosophie
618 3197 654 3242 ee
672 3197 707 3243 se
718 3174 864 3261 addixit,
883 3174 1058 3245 biennium
1077 3175 1202 3269 pariter
1218 3191 1293 3266 post
1311 3175 1409 3244 theo-

389 3286 497 3378 logis,
516 3312 592 3358 eum
619 3286 766 3381 utrisque
794 3289 983 3381 politiorum
1002 3291 1187 3361 litterarum
1206 3288 1314 3359 studia
1333 3312 1409 3358 con-

387 3401 517 3498 junxit,
537 3405 580 3476 nd
608 3429 693 3496 quae
722 3406 936 3498 praecipuea
965 3419 1081 3474 natura
1107 3403 1213 3475 fuerat
1236 3427 1409 3495 compera-

388 3537 460 3594 tne.
480 3529 529 3595 Ae
549 3525 702 3595 derebus
721 3525 857 3616 quidem
877 3523 1069 3616 theologicis
1088 3549 1163 3594 cum
1183 3523 1313 3617 publice
1333 3521 1405 3592 dis-

387 3654 538 3734 putasset
565 3664 650 3711 anno
681 3642 789 3733 1724,
819 3641 902 3712 adeo
931 3664 967 3711 se
992 3639 1112 3711 Joanni
1133 3639 1306 3712 Francisco
1323 3639 1408 3709 Bae-

728 3847 1060 3882 ΜἪΜΜΨΆΜΜ

426 4016 480 4100 (ι)
500 4015 578 4090 Vide
594 4016 741 4104 unitoque
760 4016 850 4083 vion
870 4015 902 4082 in
921 4015 975 4080 hoe
995 4016 1163 4125 volumine.
