3259 4959
377 384 439 447 'le

465 522 483 575 n
507 493 687 586 Censores,
706 486 835 571 asinum
856 500 985 568 notate.
1004 485 1120 570 Ridet.

429 679 431 688 ,
462 642 482 692 ts
505 620 629 691 Rides?
647 620 756 689 Flecte
776 640 879 709 gerru.
900 618 1035 708 Negas?
1055 605 1173 687 rlbibis
1272 686 1275 692 ,

462 754 481 800 ss
504 736 652 801 Donatus
671 730 792 801 ferulas
812 731 973 821 Explie'a'r
994 714 1075 814 tibi,
1095 731 1252 819 inquam,-

461 876 481 911 ss
502 841 582 913 'libi
603 844 659 934 qui
679 842 842 934 sequerisr
861 835 1002 913 llesistis
1022 830 1173 923 audax?⁸

461 980 480 1024 υ
504 958 634 1027 Accede
652 956 739 1041 huc,
757 957 847 1027 male
864 957 1042 1047 pertinen
1061 957 1153 1027 vides
1170 955 1282 1026 banc?

463 1101 482 1137 n
505 1070 541 1140 Si
561 1069 645 1139 rnibi
663 1071 725 1139 hoc'
744 1070 865 1141 iterum
883 1085 1003 1162 negare
1022 1078 1159 1164 pergas,

396 1264 403 1277 ¹
463 1220 482 1255 n
504 1191 598 1275 Tea,
619 1204 698 1277 tax,
718 1188 793 1260 huic
811 1206 868 1261 tuo
887 1191 951 1259 erit
969 1204 1102 1282 repente
1122 1201 1229 1283 tergo.

462 1326 481 1375 ‘s'
504 1311 597 1399 Quae
615 1298 841 1400 impudentia!
863 1333 963 1402 quarn
981 1294 1145 1379 insulensi
1168 1324 1203 1378 at
1218 1296 1270 1378 illi

461 1446 481 1491 o
505 1410 734 1514 Impudentius
753 1423 895 1493 efferunt
912 1424 1109 1494 cachinnos.

464 1560 484 1603 ss
510 1534 612 1609 Abire
632 1539 709 1608 hinc
728 1540 860 1622 subito,
878 1549 957 1629 qtiot
974 1539 1074 1621 estis,-
1093 1552 1209 1607 omncs

462 1672 481 1717 ss
503 1638 589 1721 Mali
610 1638 764 1741 discipuli
784 1664 883 1743 atque
903 1650 1127 1743 negligentes3'

463 1784 482 1831 s
504 1764 599 1835 Malo
618 1776 678 1855 e'go
697 1764 829 1833 assidue
849 1764 1013 1854 rebes‘que
1033 1762 1157 1854 passim
1168 1802 1180 1848 ,·

459 1912 478 1948 rs
501 1874 545 1953 Er
563 1878 688 1953 scrofas
707 1905 822 1975 agere,
838 1898 873 1951 et
891 1875 996 1951 molas
1015 1896 1142 1969 rotare,

460 2032 479 2069 n
501 2003 666 2093 Fameque
685 2009 718 2071 et
736 1999 852 2071 rabida
870 1999 927 2069 siti
947 1990 1081 2092 perire,

461 2150 480 2187 rr
504 2124 613 2211 Quarti
635 2146 707 2209 vos,
726 2147 746 2191 o
765 2120 903 2215 probra,
922 2121 1049 2191 litteras
1068 2111 1206 2195 docerer

460 2258 479 2305 n
501 2226 603 2309 Abire
622 2228 721 2326 hinc,
740 2254 875 2331 repeto,
893 2244 973 2332 quot
990 2228 1093 2327 estis,
1113 2262 1249 2328 omnes,

462 2386 481 2423 s
506 2357 593 2429 Hinc
612 2372 727 2428 omnes
747 2377 940 2449 properate,
959 2359 1049 2430 abite
1069 2376 1198 2449 pestes,

462 2503 482 2539 ss
505 2464 613 2544 Saceli
634 2465 775 2544 dedecus
795 2487 894 2566 atque
913 2471 1119 2544 litterarums

417 2580 469 2660 Ad
487 2586 550 2661 boc
569 2590 678 2682 ipsum
698 2588 835 2663 festivae
854 2608 990 2683 poeseos
1009 2584 1133 2661 laetum
1152 2614 1254 2682 genus
1278 2609 1312 2662 st
1331 2592 1384 2687 ju-

372 2706 550 2777 conduma
574 2713 690 2777 natura
720 2696 825 2779 factus
851 2733 951 2801 quam
970 2701 1058 2779 belle
1077 2724 1115 2778 ac
1131 2709 1246 2800 lepide
1272 2736 1385 2805 quern-
1449 2774 1452 2779 .

372 2819 449 2891 dam
468 2816 618 2912 increpat
636 2816 821 2912 Apicium,
840 2822 1010 2892 hominem
1031 2836 1201 2909 voracem,
1219 2816 1274 2916 qui
1294 2842 1386 2897 metu

371 2929 558 3003 esuritionis
590 2960 625 3005 so
662 2931 847 3005 interficit!
884 2930 1069 3007 Heluonem
1108 2930 1243 3027 corripit
1274 2937 1386 3007 nescio

371 3068 499 3139 quem,
529 3042 703 3119 edacitatis
730 3066 946 3136 monstrum,
972 3042 1067 3119 avide
1094 3058 1322 3141 properantem
1350 3047 1387 3117 in

371 3164 504 3239 Africae
523 3162 672 3261 regiones
699 3168 741 3241 ad
769 3178 916 3240 ventrem
944 3168 1080 3239 marinis
1100 3160 1226 3240 cancris
1253 3184 1388 3239 exsatu-

370 3278 530 3358 randum!
552 3290 726 3361 Fabullum
754 3290 947 3360 exstimulat
978 3288 1127 3381 stipitem
1147 3313 1186 3359 ac
1213 3284 1381 3381 tigillum!

370 3394 490 3495 Prrngit
509 3428 548 3475 ac
568 3396 709 3474 defricet
736 3405 804 3475 sale
833 3398 938 3475 multo
956 3405 1118 3475 litteratos
1136 3404 1248 3475 omnia
1278 3399 1387 3495 perle-

369 3516 467 3605 gendi
487 3514 647 3607 cupidosl
670 3518 796 3589 Stoicos
824 3518 952 3588 mordet
981 3542 1020 3589 ac
1044 3512 1231 3610 sophistasl
1265 3520 1387 3589 Exsuc·

370 3656 425 3703 cos
444 3658 483 3704 ac
502 3634 637 3729 frigidos
667 3640 841 3730 scriptores
868 3640 1037 3731 exagitet,
1066 3640 1167 3710 attica
1198 3636 1385 3715 urbanitate

373 3756 523 3825 exomni
543 3782 662 3849 genere
683 3757 878 3830 facetiarum
898 3758 1106 3851 conquisita!

416 3871 505 3959 Quid
533 3896 609 3942 vero
640 3874 681 3944 de
714 3877 784 3970 ejus
808 3876 924 3969 loquar
950 3876 1079 3947 acribus
1109 3874 1265 3947 iambis?
1290 3879 1393 3975 Quod*

368 3990 464 4059 metri
493 4014 593 4084 genus
620 4014 751 4089 propter
773 4022 961 4086 summam,
980 3994 1178 4092 facilemque
1197 3996 1381 4087 solertiam,
