3259 4959
1197 356 1244 429 23

274 488 481 567 Abhorrebat
499 493 556 565 ille
576 490 763 585 siquidem,
784 514 901 563 coma
919 492 1033 579 malo,
1052 509 1123 565 torn
1142 496 1246 567 ctiam

226 633 248 679 a
266 608 414 700 qualibet
433 608 543 698 specie
563 605 664 677 mali.
685 604 809 677 Nescio
821 630 919 709 quem
937 606 1068 698 publice
1084 608 1245 679 disseran-

228 736 297 793 tem
320 720 419 791 silere
437 719 553 815 jussit,
571 719 660 811 quod
686 719 796 791 minue
823 734 938 805 caute,
966 721 1185 808 crediderim,
1213 738 1248 793 ct

226 839 465 930 circumspecte
483 840 646 933 quaedam
665 840 831 931 arguentis
850 864 942 910 more
960 840 1145 927 attulisset,
1161 867 1247 933 quae

121 956 125 963 ’
228 956 377 1029 divinam
398 958 565 1043 laederent
584 956 831 1027 Providentiam
851 959 927 1048 (r).
951 957 1049 1031 Nihil
1068 956 1138 1049 pati
1159 976 1252 1048 pote-

226 1090 280 1145 rat
300 1078 542 1159 Bapasorcus,
557 1074 646 1165 quod
665 1073 830 1148 videretur
843 1075 954 1165 aliquo
973 1076 1161 1145 modocom
1182 1076 1251 1165 pie-

175 1214 179 1227 ·
229 1204 298 1261 tate
310 1214 349 1261 ac
368 1190 528 1282 religione
546 1187 676 1281 pertitus
695 1212 760 1258 non
773 1210 971 1278 congruere.
982 1191 1091 1278 Atque
1109 1189 1251 1259 lroceri-

226 1307 318 1381 miae
329 1308 415 1377 vitae
426 1306 635 1383 innocentius
653 1323 687 1375 et
700 1305 884 1397 integritati
903 1306 939 1374 in
957 1330 997 1375 eo
1015 1306 1245 1391 tribuendum:

227 1448 329 1517 quam
349 1425 484 1516 quidem
503 1424 540 1503 in
558 1422 713 1495 omnibns
740 1422 949 1513 requirebat,
968 1426 1144 1515 praecipue
1172 1448 1248 1495 vero

227 1540 266 1615 in
297 1542 461 1629 alumnis,
478 1565 554 1613 eum
581 1540 727 1633 corporis
754 1539 970 1613 modestiaet
989 1542 1143 1614 castitate
1168 1565 1248 1612 con-

225 1657 375 1756 junctam
388 1711 398 1731 .

273 1783 368 1851 Hanc
388 1778 431 1851 ab
451 1780 493 1850 iis
512 1777 666 1873 exigebat
683 1778 719 1857 ln
739 1778 870 1864 verbis,
891 1776 926 1865 in
945 1778 1113 1866 restibus,
1133 1779 1169 1851 in
1195 1802 1251 1853 ca·

229 1894 343 1987 pillis,
360 1896 409 1965 Ac
431 1894 566 1965 talarem
591 1892 726 1987 quidem
750 1909 878 1965 vestem
896 1911 1080 1965 extremam
1096 1893 1247 1963 omnium

227 2030 367 2095 exuere,
386 2032 445 2079 suo
463 2008 602 2100 quisque
622 2008 656 2076 in
677 2007 783 2093 lecto,
810 2006 1011 2099 iubebantur
1034 2008 1183 2093 alumni,
1209 2032 1248 2075 o-

226 2122 357 2193 mnium
376 2122 521 2213 primam
540 2120 744 2190 induendam
757 2118 842 2208 ipsis
861 2136 995 2207 postea,
1009 2138 1188 2213 antequam
1201 2119 1248 2194 ef·

226 2234 352 2305 ferrent
368 2236 484 2305 linteis
501 2235 623 2323 perlem
642 2235 715 2322 (2),
736 2234 790 2301 Ad
808 2232 952 2304 minima
968 2238 1004 2305 in
1029 2235 1084 2305 his
1109 2239 1248 2306 descen-

230 2343 332 2415 debat
359 2344 547 2415 Cardioalis
574 2340 916 2433 experientissimus.
948 2348 1062 2428 Potest
1080 2346 1248 2437 siquidem

229 2464 285 2535 vel
303 2464 339 2535 in
357 2462 509 2535 minimis
527 2460 707 2553 periclitari
729 2461 936 2550 innocentia,
956 2464 1012 2535 Ab
1029 2465 1150 2557 exigua
1171 2488 1249 2538 aas·

226 2603 272 2673 pe
286 2580 434 2653 scintilla
452 2580 642 2651 incendium
656 2609 666 2666 3
679 2580 766 2651 unde
784 2581 968 2653 incolumes
987 2583 1160 2671 evadimus
1177 2601 1248 2675 tarr.

229 2712 301 2769 tum
324 2692 421 2787 firqa.
440 2692 584 2787 Ideoque
612 2694 696 2766 illud
715 2694 834 2769 rectori
861 2695 1045 2768 identidem
1073 2722 1246 2775 commen.-

230 2812 332 2887 dabat
349 2836 481 2887 sommo
499 2813 628 2898 studio,
642 2828 679 2883 ut
695 2814 792 2905 longe
812 2830 937 2892 arceret
954 2816 1117 2909 quidquid
1135 2834 1247 2909 posset

228 2932 424 3005 clericorum
441 2930 574 3003 candori
584 2930 899 3025 officere,epistolas
909 2987 918 3018 ,
928 2935 1244 3030 socios,libros(3).

228 3050 318 3123 llino
336 3051 416 3123 licet
434 3050 613 3145 aliquando
633 3051 812 3125 theatrales
832 3054 902 3127 ludi
920 3054 1075 3145 permissi
1093 3056 1160 3147 (in
1178 3055 1245 3147 pri·

230 3162 317 3233 vatis
335 3164 464 3235 scilicet
487 3188 526 3235 ac
537 3162 729 3236 domesticis
747 3165 1123 3261 contudemiis,quilrus
1141 3168 1245 3239 inter-

229 3298 325 3351 erant
350 3298 479 3353 tantum
508 3282 593 3355 bene
613 3285 730 3357 morati
759 3285 843 3373 viri,
866 3286 902 3356 in
929 3285 1050 3379 quihus
1073 3285 1160 3357 nihil
1177 3308 1245 3361 nott

229 3396 386 3470 severiori
405 3399 529 3473 trutina
557 3406 771 3497 expensum)
794 3405 897 3495 licet,
924 3404 1082 3501 inquam,
1099 3403 1164 3488 luae
1188 3428 1244 3499 ros

569 3634 900 3678 mmm

271 3800 323 3879 (t)
344 3750 411 3863 aa.
429 3802 534 3877 neam
554 3804 598 3867 τ.
617 3806 673 3875 ru.
693 3804 834 3882 ama,
851 3826 917 3894 μς.
936 3808 989 3895 rt

271 3908 322 3985 (2)
343 3906 420 3969 lbid.
436 3928 503 3993 pag.
523 3912 684 3999 585591.

274 4013 325 4093 (5)
345 4012 422 4083 ibid.
440 4036 511 4103 Ἠ·
529 4019 602 4092 ffiu
