3259 4959
807 641 966 717 Vtut

588 872 882 986 ANTONII
916 868 1200 982 SANDINI
1250 780 1254 786 ‘

423 1482 598 1641 Antonii
617 1563 756 1639 Sandirri
774 1563 880 1637 vitam
902 1564 983 1637 lieet
999 1578 1155 1635 accurate
1182 1562 1311 1659 jamdiu
1338 1586 1401 1637 ex.

375 1690 534 1783 plicuerit
556 1686 720 1778 Joeephue
747 1685 928 1771 Rinaldar,
957 1684 1112 1755 eamdem
1140 1700 1253 1755 tamen
1285 1685 1399 1777 paueie

376 1830 542 1901 exponere
560 1823 595 1879 et
613 1804 687 1895 ipae
709 1804 897 1897 aggredior,
919 1828 963 1875 rre
982 1804 1244 1895 praetermittere
1262 1802 1399 1897 ridear,

375 1923 433 2017 qui
457 1918 608 1991 omnium
628 1918 779 1991 maxime
800 1917 963 1991 memoria
981 1917 1123 2009 dignm.
1147 1919 1227 1988 Non
1247 1917 1341 1989 illam
1360 1940 1417 1987 aa

373 2034 430 2104 liis
451 2056 537 2117 ame
551 2030 747 2122 eomeriptie
770 2029 1013 2116 intereero‚ne‚
1031 2047 1067 2099 ut
1083 2030 1132 2101 ita
1146 2030 1256 2101 dicam
1267 2084 1278 2115 ,
1290 2027 1401 2101 multi·

377 2147 467 2217 eeler
486 2170 538 2217 ree
556 2145 701 2231 evadat,
720 2166 759 2215 ee
778 2144 1019 2235 propemodum
1037 2145 1090 2217 sui
1110 2145 1304 2218 dieaimilie.

422 2261 586 2333 Antonius
605 2257 780 2333 Surdinus
798 2258 948 2331 honestie
965 2258 1157 2351 parentibus
1180 2276 1277 2334 natue
1299 2276 1349 2331 eet
1364 2261 1400 2329 1-

379 2376 478 2449 dibue
504 2378 615 2453 Juniis
644 2400 720 2449 ann.
755 2378 844 2475 1692
871 2377 1003 2451 modico
1020 2377 1092 2471 agri
1116 2377 1267 2451 Vicetini
1294 2402 1399 2471 pago,

378 2494 433 2563 cui
451 2514 573 2563 nomen
594 2492 729 2578 Novae,
753 2490 797 2563 ad
820 2491 929 2583 ripam
946 2490 1125 2577 Medeam,
1143 2492 1259 2587 ibique
1276 2491 1401 2563 libera·

378 2608 457 2679 liter
475 2609 632 2681 educatus
649 2658 657 2677 .
676 2607 754 2680 Jam
773 2623 845 2677 tum
873 2606 1047 2681 ridebatur
1073 2608 1153 2681 boni
1172 2612 1282 2683 exitur
1307 2633 1402 2702 rpem

381 2725 636 2819 praeseferre.
659 2728 770 2819 Quare
789 2726 827 2797 in
848 2726 1042 2817 patavinum
1060 2727 1285 2803 Seminarium
1309 2751 1405 2799 exee-

377 2862 454 2937 ptue
473 2861 525 2915 eet
542 2870 618 2917 eum
632 2868 731 2917 onere
748 2845 899 2917 solvendi
915 2862 1043 2936 partem
1059 2846 1400 2919 tantummodoannui

52 2938 89 2983 “
112 2963 119 2983 ’
150 2942 200 2984 ”²
226 2940 293 3044 Ψ
337 2946 363 3045 ‚s
379 2964 547 3033 convietus
558 2963 799 3055 pretii.Quam
809 2964 945 3055 quidem
955 2965 1096 3057 gratiam
1107 2961 1292 3039 seminario
1307 2965 1401 3042 idem

377 3074 508 3147 abunde
528 3077 659 3147 retulit.

428 3193 563 3263 Annum
582 3191 904 3285 quintumdecimum
922 3193 993 3289 jam
1011 3193 1255 3285 compleverat,
1268 3216 1345 3263 eum
1365 3194 1402 3265 in

384 3310 472 3381 hune
490 3313 600 3383 locum
618 3310 786 3404 ingreseue
801 3312 878 3384 aliie
896 3314 1049 3405 exemplo
1063 3336 1143 3384 eree
1160 3310 1407 3403 coepit,·eted-

384 3430 569 3501 mirationi.
593 3432 772 3504 Ferebatur
800 3432 861 3503 itte
887 3449 1002 3503 natura
1021 3432 1096 3523 ipra
1124 3432 1167 3502 ad
1183 3453 1318 3503 omnem
1334 3430 1405 3522 pie·

384 3546 464 3617 retia
484 3564 518 3618 et
535 3551 657 3621 artium
675 3549 837 3621 bonarum
855 3552 999 3623 cultum.
1016 3551 1207 3646 Ejueaueta
1226 3546 1403 3641 propemio

383 3674 437 3731 eet
455 3681 497 3729 ex
516 3660 1018 3756 domesticadieciplirra.‘1¹um
1038 3688 1115 3733 vero
1133 3662 1175 3735 ad
1194 3659 1314 3753 optimi
1343 3681 1403 3727 cu-

383 3770 503 3867 jusque
521 3774 743 3847 imitationem
767 3778 910 3849 exarsit.
930 3777 1056 3849 Studiis
1073 3777 1223 3869 impense
1241 3773 1372 3845 deditur
1381 3820 1394 3859 ,

388 3888 448 3961 diu
467 3905 629 3983 noctuque
643 3892 680 3961 in
699 3894 820 3967 iisdem
847 3918 885 3967 ee
908 3896 1077 3985 exercuit,
1104 3909 1229 3987 quanta
1253 3885 1402 3969 maxima

388 4005 498 4099 potuit
516 4006 740 4083 contentione.
