3259 4959
403 323 473 396 scs
871 329 955 388 vm

445 465 555 556 Atque
574 461 656 532 haec
675 460 808 554 quidem
828 461 1024 549 marmio,
1037 481 1124 553 quse
1147 463 1260 553 paneis
1283 465 1419 539 omnino

398 577 778 668 concessa,singularem
792 574 825 644 ei
845 573 1125 646 existimationem
1141 581 1441 683 pepererat—apud.

398 720 513 766 ornnes
523 748 534 781 ,
548 695 636 786 apud
658 695 746 764 viros
765 694 868 764 etiam
887 695 923 764 in
942 693 1061 784 primis
1085 694 1199 764 doctos
1228 713 1262 766 et
1288 698 1420 770 littera-

400 830 470 884 tos.
489 813 618 907 Etiam
637 813 801 885 edendam
820 812 878 883 ille
897 827 1090 903 paraverat,
1111 811 1158 890 uti
1183 829 1293 884 narrat
1319 818 1420 888 Maz-

397 918 578 1000 zuclrellius
605 927 687 1020 (r),
713 925 974 1019 pulcherrimam,
999 925 1226 996 collectionem
1259 929 1418 1020 epistola-

401 1071 496 1132 rum,
511 1069 649 1138 quarum
673 1043 755 1115 elias
774 1043 851 1114 eliis
878 1045 1089 1136 Bellogredus
1108 1046 1304 1137 scripserat,
1332 1047 1417 1118 alias

398 1165 440 1236 ab
459 1165 503 1234 iis
530 1179 702 1255 occeperat
725 1163 767 1233 de
795 1161 894 1233 rebus
918 1162 1166 1234 mathematicis
1197 1180 1231 1233 et
1256 1165 1413 1236 eruditis.

397 1279 488 1369 Quid
515 1278 632 1348 harum
660 1275 826 1368 plerisque
854 1277 1023 1361 evenerit,
1041 1275 1140 1368 plane
1158 1277 1328 1369 ignotum:
1354 1301 1415 1348 ex-

395 1412 485 1467 stant
500 1412 628 1466 tanturn
640 1395 879 1488 paucae3clare
895 1411 1006 1465 tamen
1016 1417 1057 1466 ex
1074 1395 1146 1465 istis
1162 1412 1414 1488 constat‚quatn

393 1513 462 1586 late
480 1531 608 1608 peteret
630 1512 828 1585 litterarium
855 1512 962 1605 ipsine
989 1513 1244 1586 commercium.
1272 1515 1414 1586 Modum
1477 1551 1484 1562 ·

396 1633 638 1724 transgrederer
656 1631 699 1701 ab
717 1632 814 1701 initio
836 1631 919 1702 mihi
951 1631 1209 1723 praescriptum,
1233 1632 1264 1704 si
1292 1633 1415 1704 vellem

394 1745 541 1836 singulos
560 1744 754 1830 nominare,
773 1743 969 1836 quibuscum
989 1743 1073 1816 illud
1100 1745 1264 1817 exercuit.
1291 1749 1415 1818 Recen-

397 1857 479 1928 sebo
497 1841 629 1928 tautum
648 1857 796 1950 sliquos,
813 1857 870 1948 qui
890 1856 975 1928 mihi
995 1874 1184 1930 occurrunt.

439 1975 544 2044 Erant
560 1972 613 2042 illi
632 1986 747 2042 mutuo
765 1970 953 2042 litterarum
973 1971 1079 2043 officio
1102 1973 1206 2067 juncti
1220 1974 1412 2044 Franciscue

292 2070 294 2072 ’
391 2085 572 2170 Zenottus,
599 2083 761 2168 Blancus,
791 2083 968 2171 Casalius,
992 2086 1199 2170 Bentivolue,
1222 2085 1387 2154 Pslcottus
1399 2137 1411 2170 ,

392 2201 675 2273 Mazzuclrellius.
694 2203 781 2274 Cum
799 2201 941 2297 Maffejo
951 2255 962 2290 ,
991 2205 1112 2292 corto,
1132 2204 1313 2289 Torrellio,
1332 2227 1411 2277 cum

390 2333 528 2412 utroque
545 2318 713 2404 Riccatio,
730 2318 856 2392 Jacolro
875 2319 1002 2389 scilicet
1021 2343 1059 2389 nc
1077 2320 1241 2405 Jordano,
1263 2320 1410 2406 Toaldo,

393 2435 585 2528 Jaquierio,
605 2436 743 2505 Zuliann
751 2488 764 2522 ,
780 2437 981 2529 fmgnolato,
1001 2461 1077 2508 cum
1105 2438 1179 2509 aliis
1203 2437 1356 2530 plurimis
1374 2452 1410 2505 et

392 2554 595 2625 doctissimis
613 2579 657 2624 ex
674 2579 733 2626 sua
752 2558 946 2646 praesertim
961 2555 1144 2643 societate,
1157 2581 1232 2626 cum
1247 2554 1409 2640 lieberto,

389 2671 570 2750 Vincentio
588 2672 978 2762 lliccatio,Bosccviclrio
988 2727 999 2762 ‚
1017 2674 1252 2761 Sanscverino‚
1264 2671 1410 2744 Zaccha-
1467 2716 1476 2728 ·

386 2787 466 2876 ris,
492 2787 737 2874 utraboschio,
766 2789 876 2860 eidem
906 2809 1020 2864 mutua
1044 2793 1128 2863 haec
1150 2792 1333 2862 litterarum
1351 2814 1409 2860 nc-

388 2906 554 2980 cessitudo
580 2905 789 2979 intercessit.
818 2908 933 2979 Brevi:
957 2910 1073 2979 eadem
1100 2908 1182 2979 haec
1208 2908 1409 2978 consuetudo

386 3024 439 3098 illi
458 3027 644 3095 communis
662 3023 725 3094 tuit
742 3049 818 3094 cum
838 3025 914 3096 aliis
931 3027 1010 3097 viris
1021 3081 1032 3114 ,
1052 3027 1109 3120 qui
1129 3026 1213 3097 etin
1232 3025 1330 3095 Italis
1341 3077 1351 3110 ,
1371 3041 1408 3095 et

386 3143 424 3214 in
452 3141 682 3214 remotissimis
711 3146 814 3214 etiarn
843 3149 992 3238 Europae
1022 3146 1170 3240 partibus
1203 3145 1315 3236 vigent
1342 3166 1408 3212 ex-

387 3257 530 3351 quisitae
560 3257 728 3329 doctrinae
757 3256 846 3330 sema
869 3259 1063 3352 conspicui.
1093 3261 1181 3331 Hinc
1199 3255 1336 3331 excitari
1366 3256 1404 3327 in

385 3398 464 3446 eum
481 3377 593 3450 studia
611 3373 805 3465 hominurn,
823 3396 858 3449 et
875 3379 911 3450 in
931 3380 1003 3451 dies
1022 3402 1189 3450 crescere.
1208 3380 1261 3448 De
1280 3375 1338 3448 illo
1365 3374 1403 3444 irr

384 3495 456 3566 suis
478 3495 633 3588 operibns
656 3499 767 3590 plnres
787 3499 982 3572 meminisse
1011 3522 1087 3570 cum
1105 3497 1202 3568 laude
1221 3495 1300 3588 (s);
1320 3516 1400 3566 eum

727 3665 1060 3699 mwmssstffl

375 3769 381 3778 ’
423 3763 474 3845 (1)
493 3763 618 3830 Volume
634 3767 664 3827 tt
682 3767 716 3827 P.
735 3769 766 3828 Π
782 3768 860 3851 degli
878 3769 1003 3832 scrittori
1022 3767 1133 3830 italiaci
1152 3785 1217 3850 pag.
1237 3765 1307 3843 629.

377 3893 381 3901 ·
422 3869 473 3946 (α)
491 3868 607 3929 Praeter
625 3889 689 3945 eos,
709 3889 780 3950 quos
800 3885 885 3932 antea
904 3870 1072 3946 nominari,
1093 3865 1239 3930 Xaverius
1259 3860 1403 3924 Bettinel-

379 3972 436 4038 lim
454 3975 561 4062 passim
577 3976 611 4041 in
629 3976 689 4041 suis
709 3977 837 4062 epistolis
851 3976 890 4041 ad
907 3977 1093 4042 Francircurn
1108 3973 1240 4039 comitem
1255 3967 1293 4036 de
1304 3966 1400 4052 Algae,
