3259 4959
500 300 503 306 ¹
622 335 809 418 mucunrrp
828 337 946 402 norst
1234 317 1304 430 367

280 465 325 554 tle
344 471 487 550 Hercule
507 470 744 564 phameeiuuo,
774 488 944 566 rugulusu
970 469 1129 569 Philippo
1154 471 1303 550 Ferretio

283 596 426 691 patricio
443 611 581 680 veneto,
595 593 805 692 antiquorum
825 615 962 688 operum
978 593 1218 682 scientissimo,
1233 619 1304 668 ma·

281 709 635 810 1iruequeetuuiosc:
664 723 736 784 tum
763 705 848 788 duee
875 709 1037 801 epistolae
1054 707 1098 790 etl
1119 710 1306 824 flotarium

284 828 327 906 de
343 825 515 906 Gabrielis
532 823 705 900 horatiano
724 824 872 903 carmine
895 841 1048 904 exaratae
1072 827 1088 920 (
1110 825 1147 917 ).

329 947 510 1038 Supersunt
528 944 637 1021 adhue
655 958 690 1012 et
711 944 779 1019 ulia
797 943 947 1033 mediter
967 945 1130 1041 quaedem
1149 945 1239 1022 illiue
1265 970 1306 1016 o-

281 1067 443 1160 pusciola,
460 1081 496 1140 et
514 1063 705 1152 versiones,
726 1078 762 1136 et
779 1063 847 1138 eliu
865 1064 960 1161 plum
978 1065 1021 1136 ab
1039 1065 1157 1144 eodem
1180 1067 1304 1157 partim

285 1183 388 1271 itale,
407 1184 532 1276 purtim
556 1181 664 1260 lutino
689 1205 842 1259 sermone
869 1182 1040 1271 exposite,
1067 1183 1103 1260 in
1126 1181 1248 1278 quibus
1265 1205 1307 1254 ee

283 1297 394 1389 prodit
423 1297 515 1369 illius
539 1295 735 1400 ingenium,
769 1291 857 1394 quod
880 1295 1049 1372 enimvero
1066 1297 1245 1392 multiplex
1271 1311 1307 1374 et

286 1409 555 1488 versatileAErat
573 1412 664 1492 enlm
683 1411 742 1481 ille
761 1433 828 1480 non
852 1425 981 1486 tantum
1000 1412 1090 1484 italie
1114 1425 1149 1485 et
1174 1413 1305 1500 latinis,

287 1530 345 1610 sed
364 1526 493 1619 graecis
511 1526 614 1599 etiam
634 1526 754 1604 litteris
773 1526 1050 1608 erudimentum
1066 1525 1306 1624 pulcherrimae

288 1665 376 1718 artes
408 1647 511 1725 coluit
535 1667 655 1746 magno
672 1646 802 1725 etudio.
832 1647 994 1726 Penicillo
1022 1663 1056 1719 et
1086 1671 1148 1724 nou
1171 1647 1308 1718 solerter

284 1767 438 1844 utebatur
460 1791 520 1864 pro
538 1765 666 1854 lubitu,
684 1766 792 1860 pictor
818 1789 884 1842 uon
914 1766 1020 1844 infimi
1040 1766 1185 1843 nominis
1212 1766 1248 1838 in
1265 1787 1307 1838 ιιι·

242 1909 246 1918 ·
284 1901 418 1986 troque,
445 1901 482 1957 ut
503 1885 653 1962 iudicant
679 1884 749 1982 ejus
774 1885 907 1963 tabulae
932 1939 942 1972 ‚
967 1901 1002 1956 et
1035 1881 1176 1977 phrygis
1205 1907 1306 1975 opere

280 2000 326 2072 ab
347 1999 612 2093 intelligentibus
630 1999 743 2092 magni
767 1996 856 2070 lecte
870 2003 999 2074 ‚Tanta
1018 2000 1103 2070 vero
1115 1999 1151 2072 iu
1171 1999 1303 2090 pulsan-

287 2119 339 2186 dis
350 2119 488 2189 musicis
506 2117 735 2193 instrumentis
754 2118 876 2205 peritia
895 2117 1118 2200 excelluit,ut
1133 2137 1209 2188 eunt
1229 2117 1311 2188 Tur·

285 2231 376 2299 tinus
403 2231 478 2319 ipse
504 2229 716 2311 consuleret,
743 2225 836 2324 eujus
855 2228 1019 2323 pulcriora
1047 2251 1196 2320 quaeque
1222 2231 1308 2305 notu

288 2340 464 2438 descripsit
489 2341 570 2431 (2),
588 2340 867 2432 quemadmodum
895 2359 930 2412 et
948 2342 1088 2411 aliorum
1107 2339 1227 2414 ceteris
1244 2341 1308 2414 huc
1331 2417 1332 2420 ,

287 2454 362 2544 ipea
380 2454 417 2530 in
435 2470 506 2529 arte
525 2455 786 2552 praestantium,
807 2455 951 2532 musicis
971 2456 1117 2534 numeris
1134 2477 1308 2534 comtuen·

287 2571 380 2642 ducit
393 2572 523 2666 poetica
535 2571 701 2671 quaedam
717 2569 848 2648 centies
866 2573 1061 2664 ethymnos
1080 2597 1100 2644 a
1118 2595 1155 2644 sc
1167 2571 1308 2648 contori-

288 2701 362 2776 ptos
382 2685 427 2756 ad
444 2685 618 2758 honestem
637 2687 819 2763 amicorum
837 2687 1120 2792 oblectationem.

335 2805 436 2876 Viros
464 2807 568 2878 coluit
593 2807 775 2895 litteratos,
798 2806 834 2878 in
861 2808 980 2898 primis
1007 2808 1165 2884 Natalem
1188 2811 1306 2882 Leste·

283 2919 376 2990 eiuro
403 2920 635 3014 pulcherrimis
653 2919 878 2994 monumentis
897 2920 1086 3014 insignem,
1105 2921 1171 2991 sibi
1190 2920 1243 2993 vel
1263 2918 1307 2999 eb

288 3053 398 3107 aetate
425 3038 534 3133 prima
561 3037 712 3113 amicitia
738 3037 919 3134 junctum,
948 3055 983 3110 et
1008 3039 1151 3111 eximios
1183 3037 1308 3130 pariter

285 3156 390 3225 coluit
415 3155 575 3234 bonarum
594 3158 716 3228 artium
735 3155 955 3248 professores,
974 3156 1018 3228 ab
1037 3156 1158 3227 iisdem
1177 3156 1306 3248 etipse

288 3264 425 3350 lrabitus
455 3299 576 3367 magno
603 3277 638 3347 in
665 3276 789 3370 pretio.
813 3277 934 3368 Neque
961 3275 1067 3346 solum
1087 3274 1308 3346 existimatio·

292 3403 337 3472 tte
356 3411 432 3459 eum
451 3391 603 3462 homines
620 3392 927 3488 prosequebantur,
945 3392 1005 3462 sed
1024 3407 1058 3462 et
1071 3413 1204 3465 umore.
1223 3393 1309 3470 Eum

631 3597 965 3631 mmmmm

333 3767 383 3846 (r)
403 3765 481 3828 Huic
499 3765 622 3850 elogium
639 3767 711 3830 texit
728 3765 911 3832 Facciolatus
921 3767 1004 3851 epist.
1029 3787 1084 3830 tro
1097 3812 1106 3845 ,
1117 3767 1149 3828 in
1169 3785 1224 3850 qua
1243 3761 1303 3850 ejus

290 3871 411 3934 teroem
426 3870 675 3954 incomparabilem
692 3885 850 3932 matronam
869 3869 1036 3955 praedicet.

332 3979 383 4060 (3)
402 3981 549 4063 Fanzagus
567 3979 599 4040 iu
617 3978 707 4064 ipsius
726 3982 818 4044 llotee
836 3979 928 4062 elogio
940 3999 1005 4064 pag.
1030 3977 1074 4042 ιδ.
1100 3973 1148 4058 ι4.
