3259 4959
388 370 503 428 XXXIV

386 492 488 585 puisun
507 484 701 571 Santooini,
718 488 958 577 Fanraugurtse
978 482 1128 575 praesul,
1146 482 1176 553 sl
1193 506 1287 570 eam,
1305 508 1410 577 qnam

391 604 487 675 nobis
507 600 666 691 scriptam
686 597 841 691 reliquit,
860 598 995 689 plenam
1010 598 1134 673 doloris
1151 599 1337 682 orationem
1352 624 1411 693 pu-

389 719 479 790 lrlice
498 717 669 789 recitasset
687 715 723 785 in
747 712 819 806 ejus
838 712 951 783 funere
966 765 976 796 ,
994 730 1053 784 aut
1080 713 1116 783 iu
1145 714 1255 802 lucem
1283 716 1411 787 edidis-

393 849 459 903 set.
479 833 570 903 lleee
589 830 625 903 in
646 830 758 905 attimo
776 852 911 903 mecum
930 829 1009 905 dum
1030 848 1145 923 reputo
1164 828 1288 899 tribute
1305 833 1413 906 trosti.

394 951 492 1022 nibus
511 948 647 1025 eximiis
673 949 740 1017 rita
761 945 883 1015 functis
903 948 1078 1037 praeconia
1107 948 1317 1024 nobilissime
1332 1005 1350 1039 .,
1375 966 1412 1023 et

394 1062 558 1138 solemnia
592 1062 738 1154 supremi
769 1060 904 1133 honoris
941 1062 1132 1137 testimonia
1153 1116 1163 1146 ,
1186 1088 1253 1136 non
1278 1089 1412 1155 possum

396 1184 477 1277 quin
501 1184 646 1259 admirer
665 1182 812 1275 iunctam
832 1181 1017 1273 elegantiae
1035 1181 1413 1275 gravitatem,‘integrae

395 1304 576 1377 sententias
599 1300 877 1395 exquisitissimis
904 1298 1030 1385 verbis,
1049 1301 1257 1392 eloquentiae
1277 1305 1413 1393 sapien-

399 1424 506 1510 tiam3
523 1438 558 1491 ut
584 1422 657 1511 ipse
676 1444 741 1493 non
761 1436 830 1495 tam
849 1418 983 1491 laudare
1002 1418 1090 1489 viros
1113 1422 1416 1511 praesentissimos

399 1538 550 1609 videatur
565 1589 576 1622 ,
595 1560 695 1627 quam
726 1534 914 1609 auditorum
942 1534 1073 1603 animos
1100 1537 1416 1608 commemoratione

402 1655 561 1727 uirtutum
580 1654 623 1723 ad
641 1654 848 1727 honestatem
868 1652 1022 1739 allicere,
1041 1669 1076 1722 et
1092 1650 1136 1725 ad
1167 1675 1295 1724 morum
1321 1654 1416 1727 inuu-

404 1768 552 1839 centiam
572 1766 752 1837 cohortari.
772 1766 845 1840 Erit
864 1789 906 1835 ne
925 1766 1026 1858 igitur
1053 1766 1244 1858 quispiam,
1266 1767 1324 1859 qui
1353 1768 1418 1838 dar-r

398 1888 513 1975 luitet,
538 1912 579 1961 aa
605 1885 753 1961 Ferraria
771 1886 905 1977 ingenui
923 1908 1045 1957 nomen
1070 1888 1208 1957 oratoris
1234 1888 1421 1958 eoneedeuae

401 2004 569 2077 domuit?

453 2124 572 2213 Neque
591 2120 645 2193 his
665 2136 774 2191 tamen
792 2120 901 2199 omnis
932 2120 1005 2216 ejus
1032 2118 1211 2201 dexteritar·
1246 2134 1282 2190 et
1315 2118 1421 2213 glotis

405 2234 612 2315 continetur,
631 2238 698 2309 Tot
716 2238 805 2310 enim
827 2233 1014 2328 perfunctus
1044 2233 1143 2305 rebus
1171 2235 1421 2327 amplissimis,

403 2378 479 2428 eum
500 2355 571 2449 ejus
607 2374 698 2433 aetas
726 2356 822 2431 valde
849 2352 1045 2444 defatigata,
1078 2372 1113 2425 et
1141 2379 1243 2448 prope
1261 2378 1422 2426 eonsene.
1493 2418 1495 2420 ,

408 2496 504 2545 scens
525 2490 693 2563 tamquam
714 2474 749 2543 in
773 2490 869 2565 portu
892 2475 1097 2567 requiescere
1117 2475 1306 2561 debuisset,
1324 2491 1359 2545 et
1376 2472 1426 2569 ju·

408 2590 453 2661 eti
473 2606 572 2681 atque
597 2590 724 2661 ltonesti
745 2591 804 2661 otii
825 2590 949 2663 fructus
970 2592 1154 2686 percipere,
1174 2610 1252 2663 tone
1283 2593 1428 2669 contulit
1496 2608 1502 2614 '

411 2725 475 2788 ee,
496 2702 575 2773 lieet
594 2705 752 2779 muniaris
772 2720 805 2775 et
824 2706 966 2778 assiduis
989 2706 1090 2785 officii
1114 2709 1166 2778 sui
1197 2708 1426 2799 occupationi,

407 2813 473 2893 bur
493 2817 671 2906 distentus,
696 2820 737 2891 ad
757 2821 934 2899 litterarios
949 2848 1059 2900 rerum
1078 2824 1428 2917 domesticarumque,

415 2929 444 3004 si
466 2926 567 3005 fastos
589 2934 857 3024 conscribendos,
877 2960 943 3010 non
976 2938 1075 3013 modo
1106 2939 1267 3031 ingenuus
1291 2958 1427 3019 exorna,

416 3063 489 3135 tor,
513 3050 662 3133 utillum
683 3054 841 3135 hactenus
860 3056 1015 3128 admirati
1033 3056 1132 3144 estis,
1156 3055 1337 3127 sedetiam
1357 3080 1429 3127 nar.

394 3181 399 3197 ·
418 3186 507 3241 rator
525 3170 631 3241 fidelis
649 3154 683 3242 'et
702 3176 881 3267 candidus3
901 3178 987 3269 quod
1005 3179 1085 3248 dum
1107 3174 1253 3255 breuiter
1271 3200 1401 3269 expono
1420 3230 1432 3265 ,

388 3355 395 3367 ,
419 3310 541 3377 quaeso
564 3311 643 3371 vos,
662 3305 718 3375 ut,
739 3292 1017 3383 quemadmodum
1038 3290 1145 3361 adhuc
1163 3287 1310 3377 fecistis,
1325 3306 1435 3370 vestra

426 3428 481 3483 tae
499 3404 707 3487 humanitate
726 3427 760 3485 et
779 3409 1010 3493 benevolentia
1027 3408 1300 3515 prosequamini·
