3259 4959
388 332 456 428 tol,
854 353 937 406 vius

384 507 459 554 cam
479 481 730 576 grammaticam
749 479 791 551 ad
811 481 981 552 meliorem
1001 479 1141 552 formam
1162 480 1307 577 redegit,
1331 477 1398 557 alis

385 599 552 684 recidens,
571 595 629 666 ubi
648 619 730 690 opus
754 613 890 683 erat‚et
909 597 975 666 alia
993 597 1272 692 adjicienss'l'um
1288 625 1404 673 emen·-

370 714 478 784 ‘davit
495 727 529 783 et
546 710 641 781 auxit
657 709 833 781 oratoriam
842 709 912 796 ,uti
930 709 1042 806 ajunt,
1054 712 1304 806 ealligmphiam
1323 721 1397 808 (r),

384 827 494 899 allatis
513 824 666 918 plurimis
686 841 720 895 et
737 824 869 894 selectis
889 823 1020 895 dicendi
1040 825 1148 896 modis
1167 851 1209 898 ex
1235 830 1398 902 Aristotc-

385 945 438 1031 le,
456 945 701 1037 Xenophonte,
718 944 935 1036 Thucydide,
954 946 1093 1038 aliisque
1111 946 1300 1039 permultis,
1317 975 1397 1041 quos

382 1063 488 1158 pmbe
503 1082 658 1152 noverat,
672 1064 818 1157 optimae
837 1081 934 1135 notae
952 1064 1156 1136 auctoribus.
1176 1069 1314 1159 Quaque
1333 1069 1400 1160 ipsi
1468 1073 1472 1079 ’

384 1179 513 1250 ratione
540 1178 689 1272 usurpari
717 1179 882 1266 debeant,
909 1181 1064 1272 exemplo
1090 1182 1206 1268 docet,
1231 1199 1264 1252 et
1293 1185 1396 1254 varies

386 1293 558 1366 nominum
577 1317 617 1364 ac
635 1292 806 1364 verborum
831 1293 1086 1386 significationes
1105 1293 1268 1364 ostendit.
1285 1295 1341 1366 Sic
1354 1313 1400 1366 et-

386 1413 456 1484 ium
482 1412 527 1482 ab
553 1412 761 1484 adolescente
788 1413 897 1504 parari
925 1421 1033 1505 potest
1060 1412 1223 1506 elegantia
1241 1429 1276 1483 et
1305 1415 1399 1505 copia

388 1527 550 1598 sermonis
569 1528 686 1621 hujus,
704 1526 762 1619 qui
781 1527 891 1597 eidem
910 1525 1208 1598 familiarissimus.

433 1647 573 1737 Quoties
587 1647 678 1716 enim
692 1644 915 1738 ipsilubitunr
923 1697 934 1731 ,
948 1645 1142 1738 loquebatur
1153 1669 1289 1738 graece3
1302 1649 1404 1740 quod·

389 1787 454 1857 que
472 1769 614 1852 mirum,
631 1779 701 1834 mm
721 1764 876 1856 expedita
905 1787 944 1836 sc
970 1767 1133 1857 profluens
1151 1782 1222 1836 erat
1247 1763 1402 1858 loquendi

391 1884 565 1970 celeritas,
584 1901 653 1954 mm
673 1885 820 1975 expolita
838 1883 1065 1984 concinnitas,
1083 1901 1121 1955 ut
1138 1885 1320 1974 meditate,
1338 1906 1404 1956 non

391 2025 435 2073 sx
452 2019 599 2094 tempore
617 2003 783 2075 videretur
799 2003 910 2096 loqui,
925 2003 1132 2096 stupentibus
1147 2005 1285 2078 Graecis
1299 2005 1405 2096 ipsis.

392 2121 445 2190 Ex
461 2117 525 2187 boc
542 2117 718 2210 praecipue
742 2115 834 2188 fonte
861 2117 1016 2208 profluxit
1033 2119 1076 2190 ad
1103 2117 1249 2212 lamam,
1268 2134 1305 2188 ut
1332 2119 1406 2188 ani·

392 2229 570 2301 madvertit
587 2229 690 2300 etiam
707 2231 897 2302 Cesamttus
907 2230 942 2300 in
961 2233 1116 2324 patavino
1132 2233 1317 2324 Gymnasio
1332 2253 1407 2325 pro·

393 2341 498 2414 fessos
523 2342 655 2438 linguae
674 2344 771 2439 hujus
798 2345 1124 2437 experientissimus,
1143 2347 1178 2417 in
1201 2345 1341 2438 epistola
1361 2347 1404 2420 ad

392 2458 581 2545 Deninsm,
598 2458 658 2529 ubi
675 2476 913 2530 commemorat
938 2460 980 2531 de
1007 2460 1318 2553 civibuspntavinis
1346 2461 1405 2530 lit-

395 2589 539 2644 terarum
556 2575 655 2644 laude
673 2574 934 2664 praestantibus,
961 2599 1042 2664 quos
1061 2575 1148 2644 inter
1174 2589 1322 2644 recenset
1346 2577 1407 2646 Ja-

395 2686 582 2758 eobettum.
602 2686 668 2760 Sed
686 2687 729 2758 de
746 2685 938 2757 celebritate
964 2685 1054 2756 illius
1073 2686 1171 2778 paulo
1198 2693 1291 2779 pos'tt
1320 2709 1407 2757 nunc

397 2806 465 2877 alia
479 2807 525 2876 de
546 2805 696 2900 ejusdem
713 2805 916 2878 eruditione.

443 2951 463 2989 s
482 2923 653 3016 Quidquid
664 2925 794 3017 (inquit
801 2925 979 2996 Babolinus
997 2925 1032 2995 in
1051 2925 1244 3016 epistolaed
1259 2925 1410 2998 illustris·

399 3076 418 3113 s
441 3045 563 3116 simum
575 3067 614 3112 ac
631 3043 941 3113 reverendissimum
959 3045 1012 3114 Jo.
1022 3043 1205 3114 Minottum
1215 3044 1406 3135 episcopum

397 3160 663 3255 epotationum,
687 3162 869 3253 praemissa
897 3161 1062 3252 opusculis
1093 3159 1282 3250 Jacobetti)
1311 3162 1410 3253 quid-

257 3322 267 3341 κ
400 3313 420 3349 e
443 3279 523 3374 quid
541 3279 733 3352 eruditionis
746 3334 756 3366 ‚
767 3280 935 3390 ¹quidquid
954 3281 1169 3352 humanitatis
1187 3279 1410 3352 Seminarium

250 3432 256 3442 ·
401 3422 421 3461 n
443 3393 636 3486 patarinum
651 3394 687 3464 in
704 3395 855 3466 alumnos
873 3417 949 3464 vere
968 3389 1146 3465 industrios
1154 3445 1166 3480 ,
1184 3408 1218 3463 et
1231 3391 1410 3486 propinen-

743 3621 1073 3656 monumen

446 3771 497 3850 (ι)
517 3767 607 3832 suu
624 3770 680 3832 snit
698 3789 766 3831 ann.
790 3769 866 3849 ¹⁶9²
891 3766 968 3850 type
985 3766 1136 3831 struinam
1153 3765 1299 3852 putatu,
1318 3780 1347 3828 c
1365 3765 1433 3828 u..

403 3890 470 3943 ests
487 3900 506 3940 a
524 3877 634 3941 Jscobo
652 3922 664 3953 ,
681 3877 804 3939 Nicolao
819 3874 979 3937 Cslliscbio
1000 3877 1123 3938 cretensi
1141 3877 1174 3938 iu
1192 3875 1329 3961 poterint
1347 3873 1412 3955 Gy<

403 3981 516 4056 nertio
532 3979 729 4054 &nesiorum
741 3977 901 4048 litterum
917 3977 1091 4063 professori.
