3259 4959
292 324 297 333 ·
403 304 472 379 etl
869 313 955 367 Vm

442 438 581 517 Interim
595 438 742 515 vertebat
760 460 864 509 annus
882 434 1008 507 saeculi
1026 435 1150 509 XVIII
1166 437 1423 529 sexagesimus,

397 576 474 631 curn
492 560 543 630 Jo.
564 557 727 631 Antonius
746 556 890 647 Vulpius
908 578 1044 648 graecae
1056 571 1134 627 tnnc
1157 571 1192 625 et
1211 556 1335 629 latinae
1354 559 1427 637 elo,-

398 672 552 765 quentias
570 668 734 761 professor
751 669 787 743 in
806 669 941 761 publico
958 667 1115 763 patavino
1133 670 1339 761 Gymnasio,
1367 668 1420 740 sa-

399 812 475 861 tnae
497 786 689 861 celebritate
709 788 943 873 clarissimus,
972 786 1167 861 missionem
1194 786 1339 859 obtinuit
1366 788 1423 859 in-

398 905 488 1001 penti
508 929 573 975 non
596 905 671 976 sine
697 905 837 978 honore.
855 906 944 979 tuo
973 926 1049 974 vero
1067 904 1320 993 competitorum
1348 919 1421 973 stu·

396 1018 453 1089 dia
484 1019 642 1091 excitari.
663 1016 813 1093 Adcrsrt
832 1016 980 1107 insignes
1007 1015 1128 1088 litteris
1159 1015 1220 1085 viri
1248 1015 1333 1103 duo,
1352 1018 1423 1087 Na-

396 1133 475 1203 lulis
494 1132 662 1205 Lastesius
681 1149 716 1204 et
733 1132 861 1223 Cespar
880 1130 1023 1215 Gozius,
1039 1129 1263 1203 monumentis
1283 1146 1420 1221 uterque

398 1249 505 1319 clarus
517 1300 528 1335 ,
539 1264 675 1341 uterque
694 1272 769 1321 oum
788 1248 950 1339 dignitate
967 1247 1160 1319 sustinendo
1179 1262 1269 1317 tanto
1287 1247 1418 1317 muneri

400 1368 498 1459 plane
516 1389 595 1458 par.
620 1368 760 1459 Utrique
790 1368 999 1458 anteponitur
1020 1367 1196 1437 Clemens.
1226 1364 1281 1436 Sic
1308 1365 1422 1455 coepit

400 1503 465 1549 non
485 1479 592 1553 solum
611 1480 647 1554 in
666 1479 765 1575 hujus
783 1479 1046 1559 litteratissime
1064 1478 1227 1571 civitatis,
1240 1478 1300 1553 sed
1315 1479 1420 1555 etiarn

400 1592 435 1663 in
456 1592 555 1661 totius
578 1590 696 1669 Italiae
716 1592 789 1665 luce
808 1591 952 1670 versari.

445 1707 533 1775 tum
553 1704 679 1805 potuit,
698 1728 782 1803 quoe
806 1722 841 1777 et
857 1720 980 1807 quanto
998 1705 1051 1784 illi
1070 1706 1215 1801 cognitio
1233 1724 1320 1777 esset
1338 1707 1421 1783 artis

400 1824 549 1916 poeticae
569 1840 604 1895 et
619 1824 801 1910 oratoriae,
820 1842 921 1917 quaro
940 1826 1054 1916 ample
1073 1826 1235 1902 eruditio.
1255 1826 1308 1897 tt
1334 1826 1423 1899 hanc

400 1938 586 2030 pertinent,
607 1960 691 2033 quse
720 1936 858 2029 scripsit
883 1938 925 2009 de
952 1937 1144 2023 comoedis,
1173 1960 1261 2029 quae
1290 1937 1426 2033 reliquit

399 2056 550 2127 addenda
570 2056 676 2145 terico
703 2058 904 2147 Foreellini3
931 2057 1003 2152 ejus
1030 2059 1332 2135 animadversiones
1357 2061 1423 2131 cri-

401 2172 486 2245 ticas
503 2176 538 2245 in
558 2198 689 2269 graecos
709 2177 896 2276 latinosque
919 2178 1118 2273 scriptores,
1146 2179 1258 2252 vanae
1284 2178 1421 2257 (lemaro

401 2290 646 2369 observationes
668 2293 704 2369 in
732 2294 834 2372 libros
862 2295 905 2367 alr
932 2296 1119 2375 auctoribus
1142 2297 1207 2394 ipsi
1235 2296 1421 2381 exhibitos,

400 2420 570 2499 tamquam
586 2410 714 2499 optimo
732 2408 849 2485 horum
870 2432 978 2487 return
1007 2410 1211 2489 aestimatori
1232 2435 1268 2481 ao
1291 2407 1419 2505 judici.

445 2520 511 2587 Tot
538 2542 613 2595 vero
643 2520 763 2596 latinae
794 2544 944 2599 scronses
962 2526 1005 2597 alr
1024 2524 1141 2598 eodetn
1160 2524 1292 2615 publice
1321 2521 1421 2597 habi.

401 2648 455 2705 tae
464 2686 475 2721 ‚
495 2639 686 2725 pracsertim
706 2664 792 2709 anno
811 2642 968 2727 ineunte,
983 2642 1154 2736 perspicua
1172 2656 1249 2709 sunt
1267 2640 1422 2731 eloquen-

401 2747 469 2818 tlse
486 2749 591 2841 ipsius
610 2770 821 2843 argumenta,
845 2756 884 2828 In
912 2754 966 2829 his
993 2758 1149 2850 quaerit,
1173 2754 1253 2844 quid
1285 2751 1423 2843 potissi-

400 2888 495 2939 mum
514 2870 659 2943 conferat
678 2870 720 2939 arl
739 2870 872 2942 dicendi
897 2873 965 2945 vim
983 2889 1051 2946 turn
1072 2872 1329 2961 acquirendum,
1348 2887 1421 2941 tum

402 2980 505 3048 etiarn
525 2982 812 3073 amplificandam
844 2985 888 3053 sd
915 3006 1000 3075 quae
1032 2984 1178 3053 maxims
1196 2982 1277 3054 vitis
1304 2985 1424 3055 sudem

356 3082 362 3092 ¹
401 3090 466 3163 ltao
486 3110 594 3163 estate
611 3118 773 3185 propensa
791 3095 857 3187 sit,
875 3096 946 3171 sire
966 3096 1101 3193 prolana
1122 3108 1258 3179 tractet,
1277 3094 1349 3165 sive
1367 3120 1423 3167 sa-

402 3232 483 3297 era3
511 3236 591 3306 quas
621 3212 725 3281 animi
750 3230 784 3285 et
810 3212 937 3307 ingenii
964 3215 1057 3284 dotes
1076 3212 1261 3284 necessario
1291 3234 1369 3303 prae
1386 3235 1424 3283 ss

402 3325 487 3399 ferre
499 3330 619 3402 debeat
637 3346 764 3420 orator,
777 3348 814 3409 ut
832 3332 938 3407 bonus
956 3332 1069 3419 siuet
1087 3330 1183 3427 hujus
1195 3332 1324 3421 generis
1338 3330 1421 3403 alia.

403 3446 526 3519 Omnia
550 3474 625 3521 vero
645 3452 727 3521 haec
748 3453 915 3544 eleganter
935 3470 1034 3548 atque
1052 3452 1232 3538 concinne3
1252 3452 1356 3519 immo
1384 3466 1422 3520 et

403 3586 488 3658 quae
506 3564 664 3643 fundebat
691 3592 734 3643 ex
761 3588 930 3664 tempore,
952 3596 993 3644 ea
1012 3554 1200 3663 exponebat
1231 3555 1421 3653 latinitate,

405 3707 489 3775 quae
509 3686 578 3757 sola
597 3691 659 3779 (ut
677 3690 912 3765 animadvertit
926 3692 1053 3783 Ioseph
1070 3693 1221 3760 Formosa
1239 3686 1276 3755 in
1294 3685 1422 3778 elogio,

404 3804 490 3893 quod
516 3807 761 3879 accuratissime
780 3825 815 3880 st
840 3811 1088 3901 elegantissimo
1116 3804 1224 3877 texuit
1238 3802 1418 3888 sibiliam,

402 3918 489 3995 unde
508 3918 590 3994 lraec
608 3924 822 4021 accepimus)
842 3950 928 4021 «pras
945 3926 1037 4016 sols,
1055 3926 1210 4017 inquam,
1238 3933 1352 4013 postet
1373 3940 1418 4014 οη
