3259 4959
411 322 477 428 aad
871 339 954 402 trus

448 468 565 560 Itaque
582 454 616 536 iu
636 489 720 536 novo
739 463 890 534 obeundo
910 485 1044 534 munere
1062 485 1127 532 uon
1148 463 1271 556 vigiliis
1297 473 1414 556 pupula

403 581 472 666 cit,
491 605 556 650 uon
575 579 743 648 laboribus
762 580 805 648 ad
824 579 989 650 studiosae
1013 578 1191 673 juventutis
1217 583 1420 652 utilitatems

406 701 500 770 Hane
520 697 733 768 erudiendam
753 698 889 770 curabat
903 699 1045 789 publicis
1064 700 1100 770 in
1121 702 1217 792 lyceo
1231 717 1265 772 et
1284 701 1426 790 privatis

404 811 666 882 institutionibus
682 813 771 882 domi
791 837 835 883 ert
852 814 1061 907 magistratus
1080 817 1344 907 imperio.Duos
1363 841 1423 906 poa

404 927 577 998 steriorum
589 931 828 1020 analyticorum
846 933 949 1003 libros
969 959 1011 1006 ex
1030 933 1188 1004 cathedra
1197 935 1362 1026 ‚reliquas
1373 937 1421 1005 loa

395 1043 497 1132 gicae
517 1061 626 1134 partes
646 1046 812 1136 explicare
832 1047 947 1118 solitus
966 1066 1036 1118 erat
1055 1049 1181 1140 privata
1204 1049 1240 1116 in
1259 1049 1395 1118 umbra.-

448 1159 625 1234 Sexdecim
643 1189 747 1236 annos
762 1168 929 1240 docendae
955 1168 1081 1258 logicae
1107 1166 1306 1258 insutupsit,¹
1324 1189 1420 1238 eam-³

404 1302 469 1371 que
487 1281 625 1352 tradidit
642 1308 707 1354 non
731 1287 838 1359 solum
858 1311 937 1356 voce
946 1287 1028 1372 ‚sed
1046 1287 1147 1356 etiam
1166 1285 1298 1375 seriptis
1311 1337 1320 1368 ,
1332 1309 1419 1375 quae

404 1412 520 1486 postea
537 1398 698 1490 vulgavit.
716 1403 756 1468 Iu
775 1401 828 1470 his
856 1400 993 1491 exponit
1020 1400 1202 1470 doctrinam
1230 1399 1420 1470 Aristotelis

403 1511 493 1600 puris
513 1511 622 1582 verbis
645 1529 682 1583 et
706 1511 865 1584 familiari
884 1513 1037 1604 dialogo,
1056 1515 1112 1604 qui
1132 1513 1252 1582 modus
1267 1535 1420 1582 exercens

404 1633 439 1700 di
458 1624 593 1716 juverto
611 1644 646 1699 et
668 1631 808 1700 docendi
830 1632 977 1700 maxime
992 1648 1194 1721 opportunus
1212 1645 1282 1715 est,
1306 1646 1341 1698 et
1359 1653 1418 1698 uc*-

405 1744 810 1814 tttstissimus.Sicetiam
831 1745 961 1812 Tullius
980 1768 1056 1812 suas
1078 1745 1119 1812 ad
1139 1747 1292 1813 Marcum
1313 1743 1419 1813 filium

403 1860 599 1952 partitiones
623 1856 735 1942 dedit,
754 1856 946 1926 minutatim
974 1857 1207 1948 interrogando
1225 1872 1259 1926 et
1283 1879 1420 1947 respou-

407 1974 536 2044 deado,

448 2096 541 2164 Haec
559 2115 626 2162 nou
642 2092 748 2161 semel
777 2085 888 2175 edita,
917 2103 1030 2161 eorum
1049 2077 1195 2161 utilitate
1223 2101 1421 2182 perspectas

404 2207 583 2298 dequibus
602 2205 650 2276 ita
668 2206 846 2276 Daadiuus
864 2207 901 2273 in
919 2229 978 2274 suo
998 2204 1128 2296 dialogo
1148 2207 1223 2295 (a):
1243 2235 1262 2268 s
1285 2203 1339 2272 Ab
1366 2203 1422 2272 ui-

403 2357 424 2394 s
449 2348 504 2396 sce
523 2324 809 2410 institutionibus,
835 2323 967 2416 inquit,
994 2325 1097 2402 velim
1114 2339 1342 2414 praeceptores
1369 2322 1421 2391 lo·

404 2443 541 2536 egicae
568 2467 634 2512 uon
660 2442 830 2514 discedere
857 2443 963 2512 latum
993 2464 1135 2532 augurem
1153 2485 1167 2527 ,-
1191 2463 1258 2509 uon
1284 2439 1348 2508 alio
1370 2439 1420 2508 uti

404 2591 425 2628 n
446 2559 582 2644 ordine,
608 2583 675 2628 non
702 2559 779 2628 aliis
806 2575 864 2628 aut
882 2557 1011 2664 verbis,
1032 2574 1089 2628 aut
1116 2556 1308 2626 sententiis.
1337 2557 1422 2628 suna

404 2710 424 2745 n
447 2678 538 2748 enim
557 2697 591 2749 et
609 2679 802 2770 prudentia,
815 2697 851 2750 et
869 2680 1034 2771 elegantia
1053 2697 1152 2770 atque
1171 2677 1355 2748 eruditione
1372 2676 1421 2742 im

406 2823 425 2856 u
447 2794 577 2884 signes3
601 2810 637 2864 et
661 2794 704 2864 ad
731 2817 810 2879 eos,
838 2793 895 2884 qui
925 2795 1053 2886 logicae
1072 2792 1134 2862 arti
1156 2792 1237 2862 dant
1264 2813 1423 2881 operam,

403 2936 423 2972 c
445 2904 656 2976 oblectandos
674 2907 869 2997 aptissimae
886 2937 930 2974 u.

357 3067 364 3074 -
452 3021 514 3088 llis
534 3035 645 3087 auctor
672 3035 839 3108 postremo
857 3019 1017 3088 annexuit
1035 3013 1196 3109 quasdam
1226 3031 1420 3088 acroaseud

407 3156 443 3200 se
462 3131 594 3224 publice
612 3130 743 3201 habitas
762 3131 800 3198 iu
814 3132 929 3220 lyceo,
950 3155 1032 3222 quas
1051 3132 1154 3198 etiam
1175 3130 1355 3221 separatim
1385 3133 1419 3200 in

406 3252 521 3340 vulgus
540 3249 696 3342 protulit.
715 3251 803 3320 Cum
826 3251 886 3320 has
905 3250 1040 3340 legisset
1066 3250 1299 3334 dictatorius,
1317 3251 1422 3340 pluri-

406 3394 499 3440 muus
517 3370 697 3464 gratulatus
716 3393 790 3440 esse
816 3370 936 3442 dicitur
954 3369 1162 3454 Faunum,
1181 3367 1270 3461 quod
1288 3367 1329 3438 de
1353 3372 1420 3460 spi·-

747 3601 1078 3638 *fflmfflmmmm

450 3773 500 3852 (r)
520 3772 642 3836 Ertaiaii
661 3792 695 3832 ae
713 3773 842 3834 Merauii
865 3773 1011 3852 dialogus,
1031 3773 1063 3832 iu
1082 3793 1141 3852 quo·
1158 3769 1303 3832 Erminius
1326 3769 1363 3830 ad
1382 3769 1420 3828 fi-

406 3876 477 3938 lium
492 3899 574 3941 saura
595 3876 782 3941 erudiendum
798 3879 1005 3942 iustitutionem
1016 3893 1116 3964 parat,
1127 3894 1203 3942 auct.
1219 3882 1306 3942 llere.
1317 3879 1422 3939 Franc.

408 3981 726 4052 baudemundus
749 3987 835 4072 1754·
