3259 4959
559 397 702 447 roseum
718 395 851 446 rosana
996 394 999 399 ’
1143 370 1211 472 399

195 531 295 604 quarn
313 511 401 604 quod
419 510 556 582 exhibet
578 511 671 604 quasi
700 509 868 600 epitomen
885 501 1001 579 eximii
1026 509 1134 601 operis
1150 503 1210 580 de-

195 629 284 713 Luc3
302 626 394 696 brevi
416 641 583 716 praeterea
606 627 721 708 docet,
741 648 806 714 qua
826 624 951 693 ratione
977 625 1059 694 haec
1086 625 1209 693 instru-

196 757 306 812 tnenta
325 745 435 835 perlici
458 741 616 827 debeant,
630 759 667 811 nt
686 741 812 833 optime
832 743 1013 813 inserviant
1032 741 1120 811 usui.
1136 741 1209 812 litsl

194 873 305 926 eutem
324 855 445 948 loseph
469 857 615 924 maxime
634 853 837 945 suspiciebat
856 853 963 924 virum
979 847 1208 924 doctissimum

187 970 357 1054 'de-Luc,
386 969 494 1058 ipsum
528 982 640 1038 tamen
672 989 737 1036 non
769 969 878 1059 potuit
899 972 935 1039 in
969 991 1009 1038 co
1032 991 1208 1054 excusare,

193 1087 279 1177 quod
307 1089 553 1178 impugnasset,
572 1111 655 1177 quae
674 1085 862 1180 Leibnitius
885 1086 1091 1178 experientia
1109 1089 1207 1156 nixus

193 1201 371 1270 tradiderat
399 1203 442 1270 de
467 1200 682 1268 heremetro:
713 1203 910 1269 mercurium
938 1202 1066 1270 scilicet
1088 1202 1123 1270 in
1147 1201 1208 1271 illc

190 1319 355 1388 inclusum
376 1319 574 1387 descendere
594 1318 706 1409 pluvie
726 1333 893 1409 tempore.
913 1324 1024 1409 Quare
1043 1321 1130 1389 hunc
1149 1314 1205 1389 de·

191 1425 392 1502 lendendurn
413 1433 557 1523 suscepit
576 1430 829 1517 dissertatione,
849 1456 933 1522 quae
953 1457 1039 1502 enno
1061 1433 1149 1526 ¹774
1170 1433 1208 1501 itt

192 1551 423 1641 ephemeridas
442 1551 646 1620 mutinenses
665 1550 786 1620 relata.

237 1671 290 1738 De
310 1669 476 1739 societatis
493 1665 579 1738 bono
599 1677 631 1738 et
651 1666 878 1740 incolumitate
893 1664 1054 1740 sollicitus
1069 1671 1204 1741 modum

192 1801 257 1853 non
275 1789 380 1858 semel
399 1789 509 1858 docuit
529 1785 660 1859 arcendi
676 1787 814 1859 fulmina
834 1789 877 1858 ab
897 1785 1072 1875 aedidoiis3
1090 1787 1204 1875 diluit,

190 1889 326 1989 quaein
344 1900 557 1971 conductores
585 1899 770 1971 metallicus
799 1902 997 1988 afferuntur,
1018 1914 1051 1974 et
1075 1923 1206 1973 arcura«

192 2027 260 2091 tem
279 2017 416 2090 exhibet
433 2015 689 2110 descriptionem
718 2017 830 2104 illius,
850 2021 907 2110 qui
932 2020 1057 2110 positus
1077 2018 1119 2088 ad
1141 2045 1204 2110 pau

189 2137 320 2206 tarinae
339 2137 491 2227 speculae
512 2133 759 2222 defensionem
779 2135 893 2204 addita
916 2133 1104 2206 Francislini
1129 2136 1205 2228 epi-

189 2248 272 2314 stola
282 2297 292 2332 ,
305 2247 360 2336 qul
377 2248 504 2336 primus
523 2247 594 2314 sine
613 2247 708 2316 clade
727 2247 850 2336 eripuit
868 2248 961 2318 eaelo
979 2243 1120 2317 fulmen.
1134 2251 1202 2322 Ve-

188 2363 239 2431 ria
268 2379 436 2454 praeterea
464 2363 561 2454 hujus
593 2361 721 2456 generis
754 2364 911 2455 opuscula
941 2363 1021 2435 italo
1051 2388 1203 2440 sermons

188 2481 338 2572 scripsit,
358 2505 441 2574 quae
467 2479 502 2552 iu
531 2504 631 2554 unum
659 2480 752 2576 quasi
780 2509 897 2575 corpus
920 2479 1059 2554 collecte
1083 2503 1198 2577 postea

190 2590 344 2666 Venetiis
363 2597 487 2667 edidlts
507 2599 590 2668 Eam
608 2600 728 2668 iterum
747 2597 838 2669 luere
856 2621 934 2669 cusa
954 2599 1080 2690 gallice·
1092 2616 1127 2670 et
1145 2599 1199 2672 hi-

187 2727 288 2802 spane
309 2706 439 2806 linguar

233 2825 399 2902 Disseruit
427 2833 528 2904 etiam
547 2831 591 2904 de
608 2836 703 2904 uestri
722 2827 829 2905 inuris
845 2825 1028 2922 adriatici,
1051 2857 1200 2930 quaeque

186 2943 360 3036 disseruit,
379 2949 500 3020 obtulit
520 2948 602 3044 grati
622 2945 725 3021 animi
746 2949 823 3046 er'go
842 2951 1055 3024 scientiarum
1080 2956 1200 3026 acarde·

183 3063 272 3140 mine
291 3063 495 3154 londinensi,
516 3065 551 3141 in
570 3091 670 3163 quant
690 3095 729 3142 eo
748 3089 836 3142 anno
859 3065 1042 3162 descriptus
1069 3064 1196 3145 fueret.

184 3187 309 3256 Eadem
329 3185 459 3281 vulgate
476 3181 610 3260 invenio
621 3188 657 3257 in
670 3183 946 3260 transactionibus
962 3180 1200 3281 philosophicis

185 3317 272 3366 enno
294 3297 391 3390 1776r

220 3411 368 3501 aliquos
386 3427 488 3482 anuos
507 3425 581 3506 post
600 3409 748 3507 praemio
773 3404 941 3507 proposito
963 3405 1007 3485 ah
1031 3405 1199 3487 electorali

184 3519 396 3600 scientiarum
416 3527 601 3619 academia,
617 3556 701 3627 quae
721 3538 814 3606 lloret
832 3527 1022 3607 Manheirni
1033 3577 1043 3620 ,-
1055 3526 1199 3607 excitata

182 3639 397 3736 physicorum
417 3639 578 3718 industria
597 3645 661 3718 fuit
680 3651 721 3719 ad
741 3642 968 3719 inventionem
989 3647 1199 3719 accuratissis

185 3755 232 3832 rnl
261 3756 483 3856 hygrumetri,
508 3763 543 3832 in
573 3783 639 3856 que
666 3770 765 3859 (utor
789 3767 939 3862 ejusdem
963 3766 1100 3854 verbis)
1117 3765 1202 3862 effes

181 3885 258 3943 ctus
282 3867 405 3948 coloris
430 3879 466 3946 cl
483 3885 576 3948 certo
594 3885 629 3948 et
639 3879 745 3970 facili
764 3880 883 3974 regule
901 3869 1055 3950 subtrahi
1075 3876 1200 3969 putruit,

178 3996 275 4088 ctp'us
288 3994 435 4092 pretium
452 4020 519 4070 non
537 3991 584 4070 sit
602 3998 839 4073 immodicum.
867 3989 1048 4075 utilissimi
1068 3992 1197 4066 inuenti
