3259 4959
456 300 546 375 'vrrs
564 325 602 373 rr.
621 274 774 373 summi
792 319 1006 373 mutatur
1179 304 1247 403 167
1371 348 1378 360 ·

220 445 437 539 omniumque
460 442 625 536 suffragiis
639 444 675 513 in
693 466 807 513 eorum
831 458 963 516 coetum
979 460 1151 539 cooptatus
1168 466 1244 526 eet.

223 568 312 637 Tum
338 566 500 659 Georgius
526 564 624 637 Card.
661 561 836 637 Gornelins
862 563 1037 658 episcopus
1064 569 1244 657 patavinus

227 684 343 755 statius
360 684 516 757 eumdem
534 682 632 779 jussit
649 681 686 753 in
703 681 890 755 Seminario
905 682 1152 778 philosophiam
1171 710 1247 777 pro·

226 805 330 879 fiteri.
351 806 445 887 Onus
463 804 521 875 ille
540 802 772 895 gravissimum
796 801 935 896 juvenili
958 820 1067 875 aetate
1084 804 1245 876 sustinuit

226 947 304 1003 cum
322 924 420 999 laude
437 923 586 1017 ingenti.
605 921 664 995 sio
680 922 849 1015 episcopi,
866 922 925 1021 qul
943 923 1056 1013 ipsum
1078 922 1245 1013 elegerat,

228 1042 511 1137 exspectationem
533 1040 706 1135 implerit,
726 1064 787 1115 nec
809 1064 938 1117 errasse
952 1042 1105 1118 illumin
1121 1041 1250 1134 eligen-

226 1160 502 1241 domonstravit.

274 1278 414 1349 Interim
434 1275 584 1351 Miobael
601 1272 726 1349 Varius
744 1272 925 1366 multiplici
943 1272 1128 1347 eruditione
1145 1298 1246 1367 prae.

230 1395 377 1483 cenans,
395 1396 454 1487 qui
471 1394 608 1466 clericos
627 1391 863 1466 seminaritia
889 1392 1083 1485 theologicis
1109 1416 1247 1463 exerce·

230 1506 310 1596 bat,
334 1508 515 1579 traducitur
533 1507 568 1577 in
588 1504 760 1601 publicum
778 1507 973 1599 patavinum
989 1507 1211 1599 Gymnasium
1227 1532 1249 1579 a

230 1622 280 1693 rei
298 1622 478 1697 litterariae
495 1621 715 1707 Triumviris,
733 1637 768 1693 et
793 1621 958 1717 professos
972 1622 1101 1717 logicae
1122 1620 1250 1692 coneu-

231 1742 336 1819 tuirrn
352 1766 430 1817 ann.
457 1744 555 1837 1718.
574 1745 614 1817 Iu
636 1742 709 1837 ejus
732 1741 842 1815 locum
868 1742 1059 1835 depossitus
1082 1740 1252 1813 Trivella·

230 1876 311 1933 tus.
343 1862 409 1935 Sed
432 1862 489 1934 ille
518 1862 586 1935 alio
611 1862 804 1955 spectabat.
830 1860 998 1955 Cupiebat
1018 1861 1179 1931 nirnirnm
1211 1861 1248 1932 in

232 1975 446 2051 montesilice
465 1976 662 2051 canonicatu
687 1975 807 2067 potiri.
828 1974 987 2068 Cupienti
1009 1974 1142 2047 obstitit
1164 1974 1251 2045 Car·

232 2090 355 2166 ductis
373 2096 465 2169 idem
488 2094 661 2167 Cornelius
670 2144 683 2179 ,
700 2114 743 2163 ne
762 2092 987 2165 Seminarium
1004 2092 1163 2182 spoliaret
1180 2109 1253 2162 tan«

233 2222 269 2279 tc
287 2210 382 2295 viro,
401 2236 505 2301 aquo
527 2212 594 2281 sibi
613 2210 794 2302 plurimum
813 2208 1050 2299 pollicebatur.
1067 2210 1180 2298 thue
1204 2209 1253 2280 li-

232 2324 368 2395 bentius
385 2325 446 2397 ille
467 2344 654 2417 capesseret
677 2324 827 2397 oblatum
854 2348 995 2408 munus,
1018 2322 1174 2395 eumdem
1191 2325 1252 2395 sti-

234 2438 361 2531 pendio
382 2438 499 2529 auxit3
521 2440 610 2533 qnod
624 2439 667 2513 iis
682 2438 886 2533 temporibus
903 2462 1034 2530 pmrsus
1048 2437 1254 2533 norum(r).

235 2560 348 2647 Quare
379 2557 624 2633 nobilissimam
649 2559 856 2653 pmvincinm
887 2557 1034 2649 suscepit
1061 2556 1117 2629 Μ.
1144 2556 1256 2627 Auto-

232 2675 334 2761 nius,
353 2680 501 2769 eamqas'
518 2674 625 2749 obivit
651 2677 749 2750 annis
776 2678 908 2747 circiter
925 2674 1180 2769 quinquaginta,
1206 2696 1250 2744 eo

234 2809 409 2877 successu,
427 2807 466 2862 ut
483 2814 521 2863 se
538 2790 721 2867 reddiderit
741 2790 841 2898 plane
863 2791 1002 2889 dignum
1020 2788 1254 2864 immortalita«
1351 2873 1354 2885 Ι

238 2906 282 2978 tia
300 2908 486 2985 memoria.

282 3022 338 3093 tu
355 3022 442 3097 hunc
460 3048 531 3097 rerrr
548 3024 779 3099 illustrandam
796 3025 900 3099 liceat
914 3024 1000 3100 mihi
1017 3022 1178 3100 amitere
1194 3016 1257 3095 ali-⁴

238 3160 339 3229 quam
358 3144 517 3234 temporis
533 3142 625 3215 illius
643 3142 846 3237 imaginem.
863 3146 967 3215 Erant
993 3164 1075 3213 sane
1099 3140 1256 3213 homines

240 3254 444 3333 etiamtunc
467 3261 605 3335 solertes
634 3280 670 3335 et
695 3263 838 3350 emditi,
855 3279 952 3335 crant
969 3260 1115 3351 theologi
1140 3258 1257 3349 magni

240 3370 408 3462 nominis3
422 3373 514 3445 vitiis
533 3392 647 3453 tamen
673 3376 745 3473 ejus
763 3377 910 3465 semus,
936 3377 1052 3470 paucis
1073 3376 1256 3467 detractis,

139 3574 142 3583 .
238 3505 275 3561 et
296 3489 363 3584 ipsi
381 3491 538 3569 obnoxii.
559 3496 775 3569 laetabantur
791 3498 829 3567 in
845 3496 973 3571 sclrolis
999 3496 1161 3569 vocabule
1178 3496 1249 3568 mi·

238 3628 302 3682 aaa
319 3610 470 3705 cognita,
491 3628 529 3687 et
544 3612 709 3712 quaedam
725 3597 906 3705 formulae,
921 3613 1042 3709 quibus
1063 3614 1152 3689 nibil
1167 3610 1254 3690 sub-t

580 3782 911 3818 mmm

282 3883 333 3964 (r)
354 3881 505 3968 Stipendia
523 3884 666 3969 magistris
685 3884 799 3950 decreta
810 3888 933 3972 priunum
949 3888 1029 3955 lbere
1049 3906 1124 3954 sanc
1146 3885 1219 3973 ¹751
1236 3900 1260 3959 ἢ

241 3988 354 4067 doacus
368 3982 497 4058 Miuctto
516 3992 672 4062 Otboboao
691 3996 826 4083 epitome
843 3998 1001 4085 patariae.
