3259 4959
393 333 458 406 126
580 403 595 428 ,
861 334 947 400 'vru‘l

384 489 458 548 tens
475 455 643 558 olrtinuit,
661 451 794 546 decreto
812 469 1168 555 honorificentissimo,
1187 477 1316 540 serrato
1341 467 1406 546 sti.

384 594 509 686 pendio
534 594 603 662 toro·
623 630 633 677 ‚-
655 615 721 660 una
745 614 821 660 cum
840 589 1107 660 immunitatibus
1136 604 1170 658 et
1192 589 1408 686 collegiorum

387 710 589 796 horroribus,v
603 709 700 780 litulo
714 695 829 780 addito
848 702 1043 802 prolcsss‘ris'
1059 707 1191 780 emeriti
1206 743 1215 776 a
1234 707 1312 780 Non
1332 710 1411 794 idco

391 845 503 900 tumen
523 814 653 899 destitit
672 845 692 899 rt
711 825 844 900 labore.-

436 944 580 1012 Essem
598 939 690 1012 enini
708 958 742 1012 et
761 942 829 1012 aliu
847 939 990 1032 plurimu
1009 939 1052 1010 ab
1071 925 1188 1010 eodem
1206 929 1297 1010 edite
1310 991 1319 1008 .
1330 939 1413 1010 Ani.

387 1055 635 1126 madversiones
649 1055 787 1126 criticae
805 1051 842 1124 iu
861 1055 992 1125 lexicon·
1007 1053 1144 1125 Dattctii
1160 1053 1203 1124 ad
1218 1067 1315 1124 usum
1329 1055 1408 1126 Del-

387 1171 482 1262 phini
502 1160 667 1259 ,Viatics
686 1171 873 1264 theologica
890 1174 948 1258 X,
968 1171 1051 1244 Vita
1068 1173 1148 1244 Jesu'
1167 1161 1292 1242 Christi
1308 1211 1319 1260 ‚=
1336 1175 1415 1244 Ma·

390 1290 461 1362 riae
479 1283 617 1377 matris,-
635 1296 669 1362 el
687 1279 721 1362 S·
735 1291 873 1362 Antonii
898 1281 1046 1382 paterini
1065 1277 1169 1360 letina
1188 1306 1222 1360 et
1240 1291 1321 1362 italo
1334 1321 1344 1380 3
1359 1293 1412 1360 Lo

392 1433 411 1481 s
425 1432 484 1480 era
501 1434 521 1480 e
537 1410 711 1503 geogrufia
728 1409 765 1479 irs
783 1408 980 1502 compendio
1001 1421 1062 1502 per'
1079 1407 1113 1480 le
1130 1400 1243 1482 scuole
1260 1397 1318 1482 dei
1331 1406 1413 1496 fort·

391 1524 490 1600 stulti
497 1553 513 1610 ‚·
528 1529 570 1602 ds
590 1529 659 1600 vita
678 1545 713 1598 et
729 1529 813 1600 actis
831 1527 958 1600 Christi
976 1528 1157 1600 secundum
1172 1541 1343 1620 utramque
1360 1553 1413 1622 ge-

390 1644 596 1716 rierutiorrern
610 1644 762 1717 divinam
783 1660 818 1715 et
836 1642 1038 1734 humanam
1053 1651 1087 1716 el
1106 1645 1189 1736 ulia,
1203 1665 1343 1741 quorum
1362 1648 1413 1720 in·

395 1762 506 1837 (licem
523 1762 671 1834 exhibeo
689 1775 765 1856 post
783 1762 911 1833 exilum
929 1755 1027 1857 hujus
1043 1763 1147 1834 vitae.

439 1881 492 1950 Ex
511 1879 588 1965 his,
606 1883 691 1970 eptae
711 1875 819 1950 doctis
838 1875 975 1944 omnino
993 1872 1182 1964 arriserint,
1201 1901 1306 1971 pauca
1325 1877 1419 1952 invu-

280 2043 284 2049 .
394 1989 492 2082 tries3
510 2015 649 2083 quorum
666 1990 825 2082 pleraque
842 1984 977 2080 scripsit
994 1990 1171 2081 postremis
1188 1995 1304 2080 annis,
1317 2019 1359 2066 ue
1377 2019 1417 2064 o-

245 2177 249 2186 ,
394 2110 499 2181 tiosus
517 2125 629 2196 esset,
648 2123 683 2179 et
700 2123 740 2179 ut
756 2104 893 2200 aliquod
912 2108 1065 2178 levamen
1084 2125 1214 2200 peroret
1232 2113 1416 2182 senectuti.

394 2229 552 2302 Ceterum
571 2227 628 2322 qui
648 2225 717 2298 alie
735 2225 887 2320 ejusdem
905 2249 1005 2318 opers
1026 2227 1166 2318 legerit,
1184 2229 1306 2300 letirras
1325 2251 1420 2320 prae·

395 2346 493 2438 cipue
509 2347 668 2437 epistolas
682 2361 718 2418 et
730 2345 917 2432 orationes,
927 2346 1028 2434 telem
1048 2367 1125 2418 cum
1144 2343 1325 2442 judicabit,
1335 2371 1415 2442 qua-

395 2465 440 2538 tis
462 2486 576 2534 revera
594 2482 666 2550 cst,
685 2481 720 2535 et
746 2466 880 2559 qualum
898 2464 1009 2555 ipsum
1028 2461 1199 2556 praedicet
1218 2465 1347 2560 jamdiu
1364 2463 1382 2536 l
1400 2509 1418 2526 .

399 2605 475 2668 ma,
494 2581 601 2653 virum
619 2580 750 2652 seilicet
767 2581 881 2674 magui
901 2581 1046 2654 nominis
1064 2579 1265 2656 litteratum.

444 2697 623 2770 Enimvero
641 2699 835 2790 paucissimi
856 2700 909 2770 vel
926 2699 960 2770 iu
981 2697 1130 2770 historiis
1149 2718 1341 2787 occurrunt,
1357 2701 1415 2792 qui

397 2816 554 2906 intanta,
564 2835 686 2911 quantu
701 2819 761 2890 ille
771 2805 864 2906 ,luce
885 2817 1005 2888 versati
1021 2817 1088 2888 sint
1099 2871 1106 2887 .
1119 2815 1313 2908 Splendidis
1325 2817 1419 2888 deco-

402 2953 492 3008 ratus
504 2938 696 3009 muneribus
713 2937 892 3010 honorilice
911 2952 962 3008 est
974 2935 1109 3006 habitur
1131 2932 1418 3006 ulittcrutissimis

399 3046 502 3134 viris,
519 3049 705 3142 Morgagno
732 3050 927 3141 inprimis,
958 3049 1187 3136 Vallisrrerio,
1213 3049 1419 3134 Pontedera,

399 3167 544 3254 Potens,
562 3168 619 3259 qui
638 3187 755 3242 omues
775 3168 901 3260 publici
920 3165 1420 3260 psteriniGymrrusiilumirrs.

447 3283 568 3374 Neque
585 3282 621 3354 hi
641 3297 770 3354 tautum
788 3283 821 3354 ei
844 3282 1027 3374 plurimum
1047 3282 1214 3368 detulere,
1230 3280 1288 3352 sed
1308 3295 1342 3351 et
1360 3277 1419 3350 alii

399 3394 464 3467 viri
483 3396 693 3486 doctissimi,
711 3397 891 3489 praecipue
917 3397 1091 3488 Philippus
1113 3420 1134 3466 a
1158 3397 1264 3466 Turre
1289 3395 1421 3488 cpisco-

400 3532 464 3602 pus
483 3511 668 3598 adriensis,
686 3510 799 3604 Scipio
819 3509 1019 3605 Maphejus‚
1039 3509 1228 3580 Ludovicus
1247 3511 1325 3580 Ant.
1344 3511 1423 3580 Mu-

399 3627 561 3716 saturius,
578 3629 703 3722 Joseplr
718 3628 909 3715 Torellius,
929 3651 1040 3698 comes
1061 3627 1227 3698 Camillus
1246 3625 1288 3696 de
1315 3625 1423 3698 Silvo-

401 3743 505 3832 stris,
533 3743 760 3834 Hieronymus
787 3741 1073 3834 Lagomarsinus3
1103 3757 1173 3808 tum
1194 3737 1341 3830 Angelus
1368 3738 1427 3808 M.

400 3851 500 3932 Csrsl.
520 3860 700 3951 Quirinus,
720 3859 918 3954 ‘Alexander
946 3855 1143 3951 archiepisc.
1172 3874 1207 3928 et
1233 3853 1426 3948 Stephanus

403 3977 503 4056 eut
523 3978 662 4076 Remis.
