3259 4959
436 389 502 442 sta
896 385 981 440 Vm

429 517 532 585 ctiam
551 515 585 584 in
612 536 672 584 suo
703 512 854 583 cubiculo
872 509 1052 602 parictibus
1079 529 1258 600 appensam
1290 507 1440 579 tabulam

428 633 624 706 referentem
641 631 805 703 Jacobctti
824 631 1021 725 imaginem.
1050 629 1181 702 Ibidem
1200 629 1284 700 banc
1314 630 1441 716 voluit,

428 749 535 844 quoad
554 746 661 834 risit,
679 746 728 817 uti
747 763 858 817 namet
872 747 929 838 qui
960 745 1002 818 de
1019 745 1088 816 vita
1103 770 1141 816 ac
1159 745 1278 817 studiis
1300 743 1442 816 illustris

427 862 526 955 bajus
544 878 664 952 poetae
681 859 827 930 breviter
843 877 877 930 ct
896 859 1062 954 eleganter
1079 859 1213 951 scripsit
1229 859 1304 952 (r).
1331 859 1442 928 Tanta

429 975 597 1046 doctrinae
615 975 781 1046 Jacobetci
801 975 873 1044 laus
891 972 972 1042 brit!
995 973 1072 1044 Non
1092 973 1200 1042 minor
1218 971 1325 1042 vitae.

475 1089 563 1160 Erat
580 1089 617 1158 in
634 1085 698 1161 boc
710 1086 780 1178 viro
794 1086 957 1159 cornilete
973 1085 1113 1160 condita
1126 1085 1298 1179 gravitas,
1312 1108 1374 1155 nec
1392 1108 1444 1157 se·

427 1214 544 1274 nectura
560 1227 672 1276 rasores
688 1201 830 1273 mutauit
849 1199 925 1295 (a).
945 1202 1055 1292 Quare
1072 1200 1226 1271 omnibus
1244 1223 1338 1270 caras
1356 1197 1440 1288 fuiss

429 1345 544 1391 omnes
566 1313 726 1414 optabant
744 1318 795 1388 illi
814 1317 948 1388 evenire
963 1340 1138 1411 prospers.
1157 1319 1308 1388 insidiae
1324 1315 1442 1388 inimi·

431 1463 489 1509 cus
515 1440 658 1512 alienam
685 1437 881 1510 industriam
909 1435 992 1509 fovit
1004 1491 1015 1525 ‚
1042 1438 1126 1510 illud
1150 1461 1249 1531 saepe
1271 1453 1445 1530 repetens,

432 1555 600 1628 nmninem
616 1555 776 1640 alterius,
796 1555 856 1646 qui
872 1577 952 1625 suae
969 1543 1151 1645 confideret
1159 1609 1170 1642 ,
1180 1554 1296 1626 virtrrti
1313 1553 1442 1623 invida

430 1695 468 1741 re
486 1673 565 1762 (3).
591 1671 658 1742 saa
684 1685 772 1738 sorte
797 1683 969 1737 contentus
996 1668 1171 1759 tranquille
1197 1669 1299 1739 vixit.
1326 1667 1443 1768 Cultus

432 1788 652 1880 simplicitas,
679 1787 785 1856 victus
813 1783 1011 1886 frugalitas,
1040 1785 1132 1857 roais
1157 1787 1336 1857 auotoritas
1364 1807 1445 1854 curn

434 1903 726 1978 commendabant.

476 2018 552 2090 Suis
571 2017 723 2088 laudibus
741 2039 806 2090 nou
829 2015 1007 2086 admodum
1027 2015 1269 2086 delectabatur.
1282 2017 1444 2087 Frontem

431 2135 585 2206 contraxi
604 2137 618 2226 (
637 2136 685 2205 ita
709 2131 877 2222 respondit
895 2132 1023 2226 arnico,
1044 2133 1101 2224 qui
1123 2133 1188 2210 sibi
1211 2133 1386 2224 scripserat
1406 2132 1444 2223 ),

434 2278 494 2323 nec
507 2250 681 2347 degustari
694 2249 729 2328 in
740 2248 876 2322 iilouno
886 2303 896 2337 ,
905 2237 963 2320 ubi
971 2245 1242 2342 lurgresfirseqae
1249 2248 1292 2321 de
1306 2274 1360 2320 rne
1370 2249 1445 2342 (4).

434 2372 564 2444 Humili
584 2373 656 2443 loco
674 2387 769 2441 natas
790 2392 970 2460 numquam
994 2361 1141 2439 fastidiit
1157 2390 1239 2440 suae
1262 2369 1448 2439 obscurita-

434 2507 502 2557 tem
522 2487 669 2558 familiae
682 2517 691 2576 3
704 2489 783 2580 quin
802 2488 887 2556 ultro
906 2511 982 2556 eam
999 2511 1077 2576 prae
1096 2511 1133 2557 se
1152 2487 1293 2572 ferebat,
1305 2503 1339 2556 et
1358 2509 1448 2558 com-

435 2601 640 2671 memorabat
659 2601 710 2670 rel
728 2601 867 2691 ignotis.
887 2602 926 2668 Iri
945 2623 984 2668 eo
1004 2623 1067 2667 non
1095 2601 1267 2670 artificium
1277 2652 1288 2685 ,
1307 2623 1375 2668 nea
1401 2599 1448 2668 si-

434 2717 592 2806 mulatio,
608 2743 672 2788 non
692 2715 807 2805 iucus3
828 2717 877 2785 vir
896 2733 966 2786 erat
983 2717 1119 2788 cannino
1136 2717 1230 2810 probi
1262 2733 1295 2786 et
1319 2717 1447 2808 antiqui

433 2837 553 2923 moris,
572 2837 657 2907 hanc
676 2837 853 2928 praecipue
872 2835 914 2906 ob
933 2861 1065 2906 eausam
1086 2836 1168 2906 adeo
1186 2862 1278 2909 carus
1299 2837 1334 2908 B.
1359 2837 1445 2908 Gre-

434 2951 524 3043 gorio
542 2949 742 3021 Barbadico.
763 2953 849 3019 eam
867 2949 926 3018 ille
942 2949 1085 3039 benigne
1105 2945 1302 3020 admittebat
1317 2975 1355 3020 ac
1371 2973 1446 3040 pae-

432 3091 476 3137 ne
495 3065 705 3136 familiariter
726 3067 781 3134 rel
799 3083 968 3156 aegrotus,
994 3066 1136 3134 libenter
1164 3089 1239 3166 cum
1268 3089 1307 3133 co
1331 3067 1446 3156 loque·

433 3183 530 3256 batur
547 3183 589 3253 dc
608 3183 713 3275 ipsius
737 3182 928 3274 discipulis,
947 3182 992 3253 de
1008 3182 1136 3254 rationo
1153 3181 1370 3254 scholasticae
1393 3185 1449 3264 in..

774 3399 1103 3450 mmmmm

476 3590 525 3668 (1)
547 3593 582 3652 ln
602 3591 739 3674 epistola,
758 3611 843 3672 quam
865 3587 1010 3672 praemisit
1039 3588 1150 3656 Victrii
1175 3585 1304 3650 versibus
1333 3581 1446 3648 Patavii

436 3689 521 3754 editis
541 3715 616 3753 anno
640 3695 728 3774 1750,
749 3693 825 3775 typis
843 3690 1011 3758 seminarii.

477 3795 527 3874 (a)
548 3793 612 3855 Cic.
629 3792 666 3854 de
685 3795 798 3856 Seneca
819 3813 845 3853 c.
865 3794 894 3852 5.

429 3911 440 3948 ·-
477 3903 528 3981 (a)
549 3898 594 3962 u.
614 3898 736 3981 muapp
757 3900 799 3960 x.
818 3921 843 3959 ο.
869 3919 894 3958 ι.

479 4009 528 4090 (4)
552 4006 725 4091 Opuscalor.
746 4025 812 4088 pag.
830 4023 897 4070 aar.
