3259 4959
18 702 21 739 i

650 443 807 568 vnn

243 721 347 840 50,
391 717 757 839 anttcrsct
792 715 1217 831 SCARDONAE

278 1349 447 1506 Jounnes
464 1425 657 1506 Francisous
675 1425 841 1504 Scardona
859 1424 1026 1496 Costiolae
1038 1425 1129 1509 ,loeo
1144 1449 1245 1517 propo

230 1541 431 1631 Rhodigiuur
452 1542 535 1626 sito,
565 1557 660 1612 notus
690 1557 740 1609 est
772 1540 930 1630 postridie
963 1541 1051 1617 Non.
1085 1542 1244 1630 Quintilis

233 1685 308 1740 nnn.
328 1661 415 1751 1718
435 1659 626 1750 parentibus
645 1659 772 1750 Angelo
788 1675 822 1729 et
839 1659 947 1728 Juliu.
963 1660 1248 1736 Montensiliceor

230 1775 351 1846 missus
381 1773 444 1845 fuit
471 1791 578 1844 aetate
607 1773 786 1848 admodum
818 1789 930 1842 tenera
956 1775 999 1844 ad
1033 1776 1247 1865 percipiendo

231 1890 339 1988 primu
358 1889 542 1966 litterarum
562 1887 749 1969 rudimenta
770 1888 845 1974 (r),
866 1890 946 1957 Post
963 1889 1006 1958 ad
1024 1888 1246 1959 Seminarium

233 2008 423 2104 patavinum
449 2030 484 2077 se
504 2007 643 2080 eontulit
667 2007 839 2080 rhetoricis
867 2009 1154 2096 praeceptionibus
1182 2009 1249 2076 im·

232 2105 400 2206 boentius.
428 2131 480 2196 111
509 2127 581 2201 Cal.
611 2123 812 2202 Novembris
839 2149 916 2192 anu.
947 2127 1033 2213 1735
1063 2126 1150 2194 inter
1177 2127 1275 2220 ejus¹

155 2247 158 2252 ’
235 2243 385 2312 alumnos
407 2257 564 2328 enoeptus
592 2256 666 2325 est,
696 2263 770 2318 curn
791 2241 944 2329 quintum
973 2239 1141 2319 deuirnnnr
1166 2257 1257 2310 netu·

237 2354 427 2432 tirannum
455 2355 497 2433 ad
526 2353 651 2432 exitum
679 2353 914 2445 perduxisset.
942 2355 1178 2433 Amorniorum
1198 2355 1257 2423 lit-

236 2480 380 2538 terarum
417 2491 512 2546 eursu
547 2466 722 2552 confecto,
751 2467 904 2538 discessit
926 2491 947 2538 e
974 2469 1188 2553 seminario,
1217 2487 1254 2538 ut

236 2580 462 2660 institueretur
480 2582 515 2663 in
536 2599 606 2662 orte
630 2582 761 2664 medica,
788 2582 824 2662 in
853 2584 1131 2676 Archigynruosio
1158 2601 1254 2687 puta-

240 2717 340 2772 nno,

284 2805 338 2876 Ibi
357 2807 484 2890 duobus
503 2801 740 2901 professoribus
759 2837 837 2894 usus
855 2831 907 2890 eet
918 2867 930 2900 ,
943 2799 1011 2888 nori
1026 2817 1115 2906 apud
1128 2832 1258 2891 nostros

239 2922 391 3004 homines
418 2942 568 3012 tantum,
596 2928 655 2996 sed
683 2927 786 2998 etium
814 2929 903 3019 apud
929 2945 1059 2998 exteros
1086 2931 1263 3000 celeberri·

242 3042 328 3126 ruis,
348 3043 537 3120 Alexandro
563 3045 670 3136 Knips
689 3049 878 3141 Macoppe,
896 3065 931 3121 et
948 3049 1039 3120 Juiio
1057 3052 1261 3139 Pontedera,

240 3155 303 3232 hoo
329 3157 464 3260 quidem
496 3159 538 3228 ud
567 3161 790 3252 cognitionem
819 3161 1027 3248 hserbarunr,
1054 3187 1094 3233 eo
1112 3189 1190 3239 vero
1219 3169 1262 3239 orl

241 3273 322 3344 artis
358 3277 507 3354 medicae
543 3280 817 3358 exercitationem
848 3297 883 3349 et
911 3306 1007 3351 usuur
1035 3334 1045 3350 .
1077 3284 1260 3362 Constituti

189 3464 191 3469 ,
247 3392 406 3480 temporis
435 3397 543 3484 spatio
572 3398 712 3488 elapso,
740 3399 776 3468 in
808 3423 901 3469 suero
929 3401 1086 3493 patavino
1113 3405 1265 3497 collegio

246 3507 394 3587 laureum
422 3506 567 3582 obtinuit
588 3513 715 3589 ..Turn
741 3535 778 3580 se
807 3513 990 3590 Bononiam
1017 3531 1116 3607 atque
1133 3519 1264 3589 Floren-

248 3623 331 3704 tiam
350 3626 510 3715 contulit,
529 3643 566 3697 ut
594 3651 706 3709 eorurn
725 3629 946 3722 professorum
964 3635 1131 3722 medicina
1154 3637 1266 3716 encel-

584 3791 919 3828 mouumentum

289 3892 339 3978 (r)
362 3892 406 3952 lbi
434 3906 644 3976 praeceptorem
674 3896 774 3960 habuit
802 3899 947 3984 Angelum
968 3902 1165 3973 Solovettum.
1186 3903 1265 3975 Vide

248 3989 309 4084 ejus
329 3993 417 4060 vitam
435 4015 504 4080 pag.
526 3996 595 4070 252.
