3259 4959
577 822 784 909 CAPUT
816 830 848 908 I.-

267 1076 308 1146 m
333 1075 528 1145 Gaeoorrrrs
545 1069 592 1141 ud
611 1069 735 1143 eedem
750 1057 949 1163 patavinum
967 1067 1172 1160 amiras,

433 1216 556 1263 nurum
570 1190 721 1261 instituit
738 1190 984 1262 Seminarium.

252 1465 411 1608 Beatus
429 1539 637 1609 Gnaoomus
655 1538 882 1609 Binssmcus
900 1535 1061 1629 patricius
1089 1550 1234 1609 venetus

204 1678 282 1723 eum
300 1650 511 1743 septennium
527 1638 737 1741 Bergomensi
755 1640 924 1720 Ecclesiae
944 1650 1166 1743 praefuisset,
1184 1652 1230 1725 ad

204 1770 396 1863 patavinam
419 1794 506 1839 anno
532 1769 630 1863 1664.
658 1796 720 1841 vrrr
744 1760 819 1839 Cal.
845 1756 926 1861 dpr.
954 1760 1135 1841 Alexandri
1155 1767 1227 1845 VII

206 1891 401 1965 auctoritate
432 1888 609 1961 translatus
628 1906 695 1975 est,
725 1914 746 1959 a
773 1913 838 1981 quo
870 1889 939 1983 jam
968 1907 1066 1960 antea
1092 1913 1232 1963 romana

206 2024 350 2095 purpura
369 2020 501 2075 ornatae
520 2001 627 2073 morat
648 2004 721 2093 (r).
744 2004 816 2072 Vix
834 2027 954 2073 noram
973 2003 1060 2074 hane
1091 2004 1232 2096 proriu-

551 2192 888 2234 mmmmm

252 2354 303 2433 (r)
322 2352 417 2411 Pauca
437 2342 577 2428 quaedam
597 2341 722 2429 praefari
741 2351 933 2427 opportunum
951 2360 1038 2430 puto,
1056 2359 1094 2411 e'u
1124 2348 1231 2433 quibus

210 2458 296 2519 facile
317 2455 512 2535 unusquisque
532 2452 690 2532 intelligat,
707 2452 771 2534 guis
792 2466 822 2512 et
840 2467 963 2533 quantas
977 2456 1065 2517 taem
1085 2460 1231 2519 usserm-

209 2566 369 2627 cus.Erat
389 2560 439 2621 ille
458 2559 507 2621 rel
527 2557 696 2621 adolescens
716 2581 781 2621 eum
801 2560 906 2621 eximia
923 2562 1002 2623 ritae
1020 2543 1185 2625 iouooeutib
1200 2578 1230 2627 et

209 2672 376 2747 sanctitate,
396 2682 457 2729 tum
474 2666 647 2751 amplissima
666 2667 828 2729 eruditione
847 2680 877 2728 et
895 2670 1027 2751 iugenio.
1045 2670 1229 2737 Politioribtu

211 2770 314 2840 litteris
333 2792 365 2839 et
383 2776 561 2859 gravioribus
576 2774 738 2859 disciplinis
758 2776 907 2854 exoultus,
925 2778 1078 2861 multiplici
1103 2782 1233 2841 exotica-

210 2904 271 2947 rum
291 2886 377 2947 etiarn'
393 2886 555 2967 linguarum
574 2884 736 2965 cognitione
757 2894 876 2959 araus,
895 2883 1165 2947 litteratissimorum
1188 2889 1234 2949 vi·

207 3010 303 3053 ronam
321 2992 530 3053 existimatione
552 3006 580 3051 et
610 2990 816 3053 consuetudine
842 2993 953 3054 floruit.
974 2992 1231 3056 Underioesimom

209 3116 314 3161 aunum
330 3110 415 3181 agent
430 3098 469 3160 ad
487 3100 736 3159 monasteriensem
752 3099 783 3159 in
803 3098 994 3181 Westpbalia
1007 3114 1229 3163 conventurum

213 3208 350 3279 contulit,
369 3208 467 3289 ibique
491 3206 600 3289 insigni
619 3206 680 3289 eju's
699 3205 853 3290 pandentia
879 3207 1012 3290 cognita,
1033 3205 1070 3269 ad
1097 3210 1233 3271 interiora

211 3314 333 3375 coasilia
351 3312 490 3377 admissus
510 3328 572 3376 est.
592 3316 671 3376 Dein
691 3316 850 3399 peragratis
869 3317 1022 3399 superioris
1040 3331 1069 3376 et
1084 3316 1230 3377 inferioris

210 3422 385 3484 Germaniae
401 3422 580 3502 regionibus,
599 3423 723 3485 Parisios
740 3423 887 3505 pervenit,
904 3422 1004 3505 ibique
1021 3422 1228 3485 christianissi-

211 3544 289 3585 mum
303 3526 409 3605 Regem
423 3524 453 3585 iu
472 3546 503 3586 se
519 3527 658 3587 convertit
673 3526 828 3610 splendore
841 3528 972 3589 virtutis.
984 3526 1150 3591 Revertitar
1163 3546 1231 3587 mox

212 3630 241 3687 iu
261 3630 398 3711 patriam,
413 3628 463 3691 atsi
488 3630 599 3711 egregie
616 3631 702 3711 gessit
726 3632 928 3713 magistratus:
951 3644 1016 3715 post
1032 3632 1158 3693 clericali
1173 3634 1230 3695 mi·

210 3732 292 3795 litiae
311 3736 470 3820 adscriptus
491 3752 520 3798 et
538 3738 697 3800 sacerdotio
717 3738 869 3816 initiatus,
888 3742 1008 3803 Romam
1027 3742 1183 3802 accersitur
1211 3762 1230 3803 a

211 3841 353 3902 Poutilice
364 3886 372 3913 ‚
385 3841 431 3900 cui
450 3856 509 3902 erat
524 3843 609 3925 plane
629 3844 781 3923 cognitus.
797 3832 1040 3907 Transtiberinae
1055 3842 1166 3924 regioni
1180 3840 1230 3904 lue

214 3942 354 4013 laboranti
376 3944 557 4025 praeficitur.
580 3946 789 4009 Gravissimum
809 3967 912 4007 munus
939 3946 1078 4009 sustinuit
1098 3957 1235 4004 euastan-

216 4046 256 4109 tia
273 4049 336 4135 pari
354 4046 596 4115 Gauoosrus.1u
611 4050 733 4113 maximo
752 4060 891 4110 terrarum
911 4048 988 4113 orbis
1004 4039 1121 4109 'tbeeoo
1135 4039 1235 4103 reddi·
