3259 4959
1288 392 1329 490 n

316 567 416 640 gnam
441 571 461 616 a
489 540 639 637 pluribus
664 537 840 634 Episcopia
871 558 905 612 et
932 535 1181 626 cardinalibus,
1204 532 1282 632 quin
1308 559 1329 610 a

313 661 454 730 nummio
470 659 570 729 etiam
591 657 813 748 maximisque
835 655 1049 726 Pontificibus
1070 657 1209 746 gratiam
1229 657 1326 740 iniit,

311 769 518 864 graviooimio
535 771 612 841 irleo
632 771 825 840 muneribus
842 769 959 840 horum
979 769 1068 863 jussu
1087 787 1121 836 et
1134 770 1325 838 auctoritate

310 889 515 982 perfunctus,
533 904 570 960 ut
593 907 721 960 constat
739 913 782 958 ex
805 889 1007 958 bibliotheca
1027 888 1172 980 Argeluti
1193 890 1267 978 (1),
1283 914 1325 958 ex

193 1035 198 1042 ·
311 1008 382 1103 ejus
396 1009 500 1100 ipsine
509 1008 636 1101 elogio,
650 1005 742 1105 cujus
756 1023 868 1078 auctor
880 1007 1085 1098 Hyacinthus
1098 1007 1234 1076 Girnma
1251 1011 1325 1098 (2),

308 1149 353 1196 ex
369 1124 522 1196 Picinelli
544 1124 714 1196 Athenaeo
738 1124 814 1216 (3),
833 1127 889 1216 qui
909 1149 1023 1194 omnes
1044 1125 1084 1194 dc
1104 1123 1162 1193 illo
1182 1121 1304 1192 furius.

352 1245 426 1316 Nec
445 1269 526 1314 unua
540 1263 665 1330 rector,
680 1263 715 1315 et
729 1261 957 1337 praeceptores
974 1245 1093 1336 singuli
1111 1241 1171 1313 viri
1185 1245 1320 1318 eximii.

306 1359 463 1430 Abiturus
483 1374 553 1429 erat
576 1383 596 1430 a
615 1359 821 1437 seminario,
843 1359 899 1427 ubi
929 1359 1045 1450 primis
1066 1357 1133 1426 illis
1161 1359 1320 1454 tempori-

300 1471 365 1544 bus
383 1472 504 1542 studiis
522 1490 692 1564 praeerat,
704 1473 921 1559 Nicolsonna,
940 1498 1036 1564 quern
1057 1470 1322 1563 archiepiscopa-

301 1603 337 1656 tu
354 1583 573 1658 aberdonensi
594 1604 668 1677 post
687 1588 896 1656 honestatum
921 1587 1085 1656 diximus.
1107 1586 1228 1656 Statim
1261 1612 1318 1654 co.

299 1698 404 1792 ‘itare
427 1701 657 1785 Graecorum,
680 1723 779 1791 quem
798 1701 989 1791 subrogaret
1018 1717 1107 1770 tanto
1127 1703 1214 1793 yiro.
1245 1702 1316 1772 llac

299 1817 342 1888 rle
359 1843 395 1888 re
413 1818 530 1890 scribit
548 1819 816 1911 Magliabeccbio
826 1873 836 1906 ,
860 1817 1076 1890 celeberrimo
1097 1819 1132 1888 id
1157 1823 1314 1912 temporie

295 1937 460 2026 litterato,
483 1940 616 2033 quicum
636 1941 811 2012 exercebat
835 1942 907 2033 ipre
927 1959 1076 2012 mutuum
1098 1937 1312 2032 epistolarum

296 2059 531 2130 commercium
545 2060 615 2153 (4).
631 2065 716 2131 Eum
736 2079 844 2153 rogat,
858 2079 893 2130 ut
913 2078 1004 2130 curet
1023 2057 1086 2130 sibi
1109 2060 1214 2130 virum
1224 2115 1234 2147 ,
1255 2055 1312 2153 qui

294 2170 447 2242 abeuntis
465 2173 606 2265 implere
628 2176 731 2266 possit
750 2200 815 2243 non
836 2174 942 2244 solum
961 2173 1091 2256 locurn,
1108 2175 1193 2262 quod
1221 2175 1308 2244 unul<

293 2301 329 2354 to
347 2283 497 2368 facilius,
516 2289 574 2356 sert
592 2290 695 2358 etiarn
715 2289 921 2380 nomencqui
944 2289 1052 2358 valeat
1071 2313 1146 2356 cnm
1167 2289 1308 2382 ‹lignita-

297 2413 331 2467 te
349 2415 503 2492 praecare
522 2401 752 2492 magistrorum
774 2403 901 2489 coetui,
920 2402 1040 2496 quibua
1058 2401 1221 2474 familiare
1240 2419 1310 2474 erat

633 2614 966 2646 ΜΜΜΜΜΜ

331 2769 666 2856 (1)Bibliotb.Script.
689 2773 814 2837 Mediol.
842 2771 844 2781 '

329 2880 379 2958 (2)
400 2879 479 2942 Edit.
500 2881 624 2966 Neapol.
646 2883 721 2966 1503
742 2889 832 2948 Tom.
852 2883 867 2948 I
885 2907 951 2970 pag.
974 2885 1023 2968 53.

329 2982 379 3062 (ὅ)
400 2980 469 3065 Pag.
494 2987 559 3047 106.

327 3087 376 3166 (4)
398 3086 467 3149 Nou
486 3107 551 3151 curn
572 3111 629 3151 uuo
649 3091 743 3162 solum
763 3089 1015 3176 Mugliabocclrio‚
1046 3116 1110 3158 curn
1129 3095 1193 3158 aliis
1216 3097 1301 3161 etiant

285 3189 354 3248 viris
373 3189 506 3252 litteratis
537 3195 690 3256 exercebat
718 3209 848 3258 mutuum
876 3198 929 3258 boc
957 3201 1139 3282 epistolarum
1164 3221 1302 3261 commur-

284 3289 379 3351 cium.
399 3293 461 3353 Hos
481 3297 614 3358 orunibua
636 3296 879 3381 complectebatur
898 3303 1002 3362 officiis
1017 3343 1027 3375 ,
1040 3303 1077 3362 ud
1094 3326 1124 3363 se
1138 3303 1297 3376 invitabat,

281 3393 440 3473 excipiebat
462 3395 606 3478 bospitio,
627 3403 764 3480 fovebat,
785 3406 896 3486 mugnis
918 3406 1096 3488 principibus
1117 3407 1297 3468 commenda-

281 3497 353 3572 bat,
375 3501 483 3584 etipse
504 3527 521 3565 a
539 3505 673 3571 litteratis
693 3514 825 3574 omuibus
848 3516 943 3596 magui
963 3516 1071 3576 sactus.
1088 3516 1121 3578 Si
1140 3513 1210 3594 quid
1226 3515 1314 3594 novi·

280 3606 373 3684 operis
394 3605 546 3688 prodibat,
568 3610 689 3672 adeum
708 3616 889 3695 mittebatur,
904 3633 936 3679 ut
959 3615 997 3678 ad
1018 3618 1217 3681 Maecenatem
1235 3643 1297 3684 aru-

275 3713 455 3796 plisaimuru.
478 3716 574 3779 Multa
596 3720 682 3786 etiam
700 3725 901 3810 praeferebant
921 3724 1048 3808 ejusdem
1072 3749 1190 3790 nomeu.
1215 3729 1293 3792 Vide

276 3815 362 3876 Orat.
383 3817 496 3897 Sebast.
518 3823 683 3888 Melcbiorii
704 3829 735 3889 in
756 3831 855 3892 sunere
877 3835 910 3894 Β.
931 3833 1078 3895 Gnuoonrt
1092 3831 1189 3896 ‚Vide
1209 3833 1294 3902 etiarn

274 3917 374 3985 XXV
384 3922 519 4004 epistolas
542 3927 670 4010 ejusdem
684 3935 765 3994 beati
787 3933 825 3994 ad
847 3934 1107 4019 Magliabeccbium
1119 3937 1150 3996 iu
1170 3939 1197 3998 ll
1217 3935 1295 3999 rolu-

271 4024 347 4086 miuc
367 4026 563 4110 Epistularum
584 4033 724 4096 clarorum
746 4049 841 4099 venet.
1104 4027 1108 4034 ⁴
