3259 4959
1177 287 1224 369 5³

205 446 328 541 signari
355 442 493 535 singulis
510 448 759 524 'consueverat‚
788 436 873 529 qnod
895 448 972 507 tune
1000 434 1215 509 conficerent.

205 559 401 641 Confectum
421 555 578 627 exhibere
606 552 772 623 debebant
800 552 961 621 dictatum
980 550 1045 623 sibi
1065 575 1085 620 a
1112 551 1222 642 magia

204 696 272 749 atro
291 700 429 771 pensum
449 675 620 745 redeuntes
647 671 794 741 alumni.
818 669 1007 741 Cardinaiis
1027 668 1130 768 recipi
1159 694 1218 738 vo-

203 796 294 869 lebat
311 820 442 891 prorsus
459 794 645 878 neminem,
656 792 721 861 nisi
740 791 929 884 hujusmodi
944 788 1039 881 quasi
1058 804 1217 857 tesseram

206 916 298 1008 prius
318 914 449 987 offerret
468 914 543 1005 (ι),
562 916 723 984 Actuosus
742 910 815 1001 ipsa
834 926 982 980 aotnosos
1008 906 1168 979 reddebat
1186 922 1222 980 et

205 1029 310 1119 alios,
329 1030 505 1125 praecipua
524 1028 694 1103 alumnos.
713 1028 783 1099 Hos
803 1050 845 1096 no
864 1026 899 1100 in
919 1025 988 1105 otio
1007 1024 1143 1118 quidem
1164 1048 1221 1115 pa,

208 1146 352 1219 tiebatur
373 1144 490 1217 otiari.
521 1146 721 1221 Recontesa
750 1141 889 1234 prandio
908 1139 1044 1235 jubebat
1062 1140 1117 1219 vel
1143 1141 1224 1216 dare

206 1284 343 1352 operam
371 1256 550 1352 paullisper
576 1256 708 1340 oantui,
728 1280 827 1347 quern
838 1256 980 1346 firrmrm
1007 1256 1144 1343 dieunt,
1167 1256 1221 1341 vel

206 1375 351 1465 eleganti
370 1373 560 1465 seriptioni.
578 1371 724 1443 iubebat
751 1372 873 1457 otiam,
894 1373 909 1463 (
928 1370 1045 1442 diebus
1072 1370 1141 1441 illis
1161 1396 1224 1460 er,

207 1494 335 1585 ceptis,
354 1492 474 1586 quibus
497 1492 607 1585 aliqua
636 1518 656 1565 a
683 1492 802 1563 stodiis
820 1492 946 1585 quies)
967 1494 1046 1582 dum
1072 1493 1223 1566 animum

208 1610 394 1683 relaxarent
405 1660 415 1693 ‚
434 1608 537 1680 latine
556 1607 730 1682 emendate
750 1608 841 1698 loqui
852 1637 863 1696 3
883 1630 982 1701 saepe
1001 1632 1078 1679 vero
1101 1608 1144 1679 ad
1167 1633 1224 1678 sa-

206 1746 277 1799 cras
297 1723 513 1799 coerimonias
534 1722 665 1803 volebat
682 1722 812 1793 institui
832 1741 867 1793 at
893 1748 1002 1807 aaaron
1023 1726 1129 1811 ritus,
1148 1742 1219 1797 tum

207 1838 424 1927 praesertim,
440 1862 515 1921 cum
544 1855 737 1919 vacarenta
765 1839 898 1921 scholae
918 1864 1054 1911 munera
1073 1841 1148 1931 (2).
1175 1842 1225 1911 ll-

208 1958 266 2029 lud
285 1960 429 2037 enimin
448 1958 565 2053 primia
585 1958 742 2045 curabat,
770 1977 807 2031 ut
833 1960 970 2031 clericos
1000 1976 1167 2031 exerceret
1186 1960 1223 2029 in

210 2079 272 2163 iis,
300 2102 384 2170 quae
412 2096 445 2149 et
470 2094 615 2149 mentem
635 2078 822 2164 erudirent,
850 2095 885 2148 et
911 2078 1104 2169 religionem
1133 2078 1225 2149 iove-

210 2208 302 2263 rent.
321 2192 409 2262 Hino
423 2192 502 2259 dum
521 2189 622 2259 ceteri
650 2210 784 2264 mensae
813 2188 1066 2276 accumberent,
1085 2190 1128 2259 ab
1153 2192 1227 2265 aln-¹

212 2326 292 2379 mno
316 2302 428 2393 (qnod
446 2302 549 2379 etiam
567 2301 678 2391 paullo
697 2316 774 2369 ante
792 2297 1038 2392 indioavimus)
1057 2325 1144 2382 nuno
1163 2303 1225 2375 ita.

212 2413 279 2485 lina
289 2467 301 2500 ,
314 2438 401 2493 nuno
420 2414 524 2501 latina
542 2414 647 2496 oratio
664 2414 944 2505 panegyrica,vol
963 2414 1029 2496 alia
1037 2414 1228 2510 hujusmodi

213 2558 307 2615 saara
325 2534 438 2605 concio
458 2532 641 2609 habebatur
664 2550 714 2602 tar
732 2534 766 2610 in
784 2532 1009 2617 hebdomade,
1036 2533 1229 2618 Habebatnr

213 2663 383 2739 praeterea
401 2646 551 2739 quolibet
568 2643 652 2717 festo
671 2647 748 2733 die,
772 2664 806 2717 et
823 2647 887 2719 hoe
914 2649 1017 2719 etiarn
1034 2649 1070 2719 in
1097 2649 1229 2741 episco-

212 2764 282 2857 pali
306 2764 469 2850 triclinio,
487 2762 636 2835 auditore
655 2765 729 2855 ipso
753 2766 943 2841 Gneoonro
963 2769 1040 2860 (3).
1065 2770 1228 2843 Grandis·

212 2904 266 2951 res
299 2898 410 2951 autem
440 2879 585 2953 officium
619 2882 654 2952 in
684 2882 843 2953 honorem
868 2884 1018 2978 Virginis
1043 2887 1226 2969 recitabant

213 3018 327 3087 graece
342 2994 396 3087 (4)
405 3046 415 3079 ,
428 3009 464 3063 ut
482 2993 667 3087 impensius
688 2996 876 3073 excolerent
893 3023 1044 3091 graecam
1063 3000 1228 3097 linguam,

214 3106 307 3215 cuim
327 3107 546 3195 addiscendae
565 3110 691 3187 nemini
711 3110 958 3203 inmunitatem.
976 3113 1078 3202 dabat
1096 3113 1172 3207 (5),

560 3276 892 3315 ΜῊΜἫΜ

257 3416 307 3494 (ι)
328 3415 395 3476 Act.
416 3418 582 3493 neantfr.
602 3422 641 3483 11.
663 3422 803 3484 Summae.
824 3444 855 3507 p.
879 3426 944 3491 rot.

260 3516 426 3594 (2)1nstit.
448 3518 611 3584 adsemia.
632 3524 742 3605 Rogim.
762 3545 827 3606 pag.
847 3548 896 3607 7¹·

258 3624 308 3701 (3)
328 3626 395 3701 Aet,
418 3629 520 3703 beatis.
542 3632 583 3693 Τ.
605 3631 644 3692 11.
663 3633 803 3695 Summar.
825 3655 892 3717 pag.
910 3636 979 3701 512.
1000 3638 1093 3703 instit.
1114 3638 1152 3703 ad
1173 3639 1230 3713 Se,¹

216 3724 287 3799 min.
309 3727 418 3807 Regina.
439 3754 506 3821 pag.
525 3736 555 3797 θ.

259 3828 309 3905 (4)
331 3829 398 3892 Aet.
418 3824 497 3897 lieet.
519 3840 560 3899 T.
578 3841 618 3903 11.
639 3840 779 3917 summat.
793 3862 859 3926 pag.
883 3862 949 3921 ru,

260 3930 310 4025 (5)
333 3932 428 4007 tostin
449 3935 611 4101 adsssemin.
631 3944 742 4039 Regina.
760 3964 826 4029 με,
845 3966 894 4030 72.
