3259 4959
536 346 918 399 seruantissimum
1053 340 1057 347 “
1138 324 1234 403 ,225

215 477 329 548 scendi
357 473 488 565 cupidi,
515 473 695 545 sedetiam
726 472 805 541 riri.
838 471 996 562 Utrisque
1013 472 1142 562 quoties
1161 472 1233 567 ejus

213 616 312 681 opera
343 589 580 679 indiguissent,
614 602 743 676 praesto
773 602 845 653 erat
879 586 1017 653 consilio
1042 588 1165 676 pariter
1195 604 1231 657 et

213 710 353 799 scripto.
381 706 540 795 Pleraque
568 728 609 773 ex
629 704 689 787 iis,
709 726 793 793 quae
812 702 1007 793 scripserat,
1025 704 1129 773 latere
1157 727 1232 774 me·

212 825 306 911 luit(
326 838 363 891 ut
378 838 472 889 antea
494 819 639 887 diximus
661 818 673 903 )
684 868 694 901 ,
713 840 813 906 quam
833 817 923 904 typis
942 817 1060 900 edere,
1079 841 1146 884 non
1172 841 1231 885 so·

210 938 278 1007 lum
289 988 300 1021 ,
318 934 406 1026 quod
424 932 596 1003 hominum
613 930 736 1023 judicio
764 931 1017 1014 extimesceret,
1036 928 1096 999 sed
1122 929 1228 999 etiam

210 1054 297 1144 quod
315 1040 451 1123 sentiret
470 1051 510 1119 de
529 1072 565 1117 se
585 1048 751 1132 demiss03
771 1071 831 1115 nec
845 1048 1000 1117 litteratis
1018 1044 1095 1113 viris
1113 1046 1226 1135 ipsum

210 1168 252 1237 ed
272 1168 306 1237 id
327 1163 532 1233 hortantibus
551 1160 665 1229 cessit.
687 1160 796 1229 Multa
818 1185 894 1229 tero
912 1160 1037 1243 edidit,
1056 1184 1153 1229 suum
1170 1182 1227 1227 no·

209 1304 287 1349 men
307 1290 553 1369 anagrammate
572 1273 741 1341 im'olvena
756 1323 764 1340 .
779 1271 855 1341 Suis
871 1270 1143 1341 obtrectatoribus
1158 1295 1225 1339 uon

211 1392 381 1481 respondit
404 1391 481 1459 licet
500 1388 688 1457 lacessitus.

253 1510 395 1579 Pecunia
412 1506 621 1590 abundabat,
637 1506 668 1575 ei
689 1521 799 1573 tamen
816 1503 957 1573 minime
970 1503 1120 1574 addictus
1136 1520 1222 1573 erut.

207 1630 278 1699 llae
298 1628 474 1697 multorum
493 1624 626 1715 largiter
644 1622 830 1693 sublevavit
845 1622 1012 1711 inopiam.
1033 1620 1223 1693 Beneficuut

207 1748 331 1817 veroin
351 1745 468 1835 primis
487 1768 522 1813 se
544 1742 694 1833 praebuit
713 1742 845 1811 cuidam
869 1738 1039 1825 familiae,
1058 1764 1143 1831 qrtae
1161 1742 1222 1812 Pr-

206 1862 331 1933 tavium
355 1882 393 1929 se
424 1874 592 1949 receperat
614 1881 634 1927 a
661 1856 773 1927 Gallia
800 1854 960 1925 extorris.
980 1854 1100 1925 Eidem
1123 1855 1220 1926 statis

203 1974 404 2065 temporibus
413 2024 423 2059 ,
443 1971 602 2063 quamdiu
618 1969 719 2054 vixit,
739 1992 912 2037 numerare
926 1969 1041 2039 solitus
1058 1987 1129 2039 erat
1146 1994 1221 2041 cer-

203 2108 271 2163 tam
291 2116 500 2163 nummorum
518 2090 624 2172 sim,
652 2105 689 2154 ut
722 2112 781 2175 pro
809 2087 898 2154 vitae
930 2109 1008 2155 suae
1031 2088 1221 2163 conditione

206 2229 317 2302 posset
327 2212 465 2279 honeste
484 2208 621 2295 degere.
640 2203 825 2273 Plurimum
844 2224 973 2294 quoque
988 2203 1129 2273 subsidii
1146 2230 1226 2279 con.

204 2323 333 2391 tulitin
352 2321 425 2409 pios
444 2341 543 2389 usus.

247 2439 320 2510 Nee
339 2460 497 2527 umquam
525 2433 694 2519 cessabat,
722 2432 873 2525 quamvis
900 2430 1049 2525 quotidie
1070 2450 1218 2527 surgeret

199 2554 285 2625 bene
311 2574 425 2622 mane.
456 2549 647 2619 Domestico
669 2548 814 2619 inclusus
833 2546 1004 2633 cubiculo,
1023 2548 1125 2619 etiam
1154 2574 1216 2640 po-

200 2668 333 2737 stremis
359 2664 454 2735 annis
477 2687 513 2733 ee
536 2685 572 2731 se
597 2660 784 2733 oblectabat
803 2661 936 2731 assidua
961 2663 1120 2750 lectione,
1135 2663 1215 2733 scri·

194 2787 336 2877 ptione,
370 2782 676 2853 commentatione.
703 2780 800 2851 Nihil
832 2781 990 2871 temporis
1020 2778 1209 2871 patiebatur

196 2903 359 2973 inutilitas
376 2901 442 2973 sibi
462 2900 567 2984 elabi,
592 2924 691 2993 quern
711 2899 860 2969 maxime
877 2896 1025 2969 infensus
1045 2897 1131 2967 otio.
1159 2898 1210 2969 A·

193 3018 255 3089 deo
270 3038 381 3089 autem
400 3042 633 3109 nonnunquam
652 3034 723 3087 erat
747 3017 782 3085 in
799 3041 909 3089 rerum
928 3014 1127 3107 cogitatione
1146 3016 1208 3087 de-

189 3138 292 3222 lirus,
312 3154 348 3206 ut
367 3140 536 3227 loquentes
561 3134 700 3205 minime
720 3134 866 3204 audiret.

236 3250 289 3319 Ad
308 3249 499 3338 religionem
524 3248 612 3339 quod
630 3248 770 3333 attinet,
801 3248 1016 3319 vehementer
1038 3244 1208 3317 allicieba-

191 3381 242 3436 tur
262 3361 319 3429 ille
339 3359 409 3452 ejus
424 3362 532 3429 studio
544 3412 555 3446 ,
566 3362 645 3453 quin
661 3361 766 3431 immo
784 3382 897 3443 sensu,
918 3360 1096 3434 decadem
1115 3359 1207 3430 iden-

192 3482 298 3553 tidem
324 3478 414 3570 loqui
439 3480 574 3549 solitus.
601 3480 655 3549 Ab
686 3480 729 3551 iis
757 3479 976 3565 abhorrebat,
1005 3478 1118 3571 quiin
1141 3479 1205 3551 hoe

189 3624 255 3669 non
274 3596 358 3665 bene
379 3592 628 3665 audirent.Pati
643 3616 707 3661 non
727 3609 855 3682 poteret
872 3592 1075 3687 juventutem
1090 3594 1132 3663 ad
1148 3616 1205 3664 eos

186 3711 359 3794 accedere,
390 3729 531 3797 eamque
554 3703 597 3773 a'b
625 3704 707 3795 ip'sis
726 3727 861 3774 avocare
880 3704 1030 3775 tentabat
1047 3724 1124 3775 cura
1148 3705 1204 3774 in·

187 3824 293 3915 genti,
323 3845 363 3891 ne
388 3843 500 3889 corum
520 3817 775 3905 consuetudine,
795 3818 922 3910 integra
947 3818 1207 3922 depravarentur!

187 3938 337 4029 ingenia.
364 3936 512 4102 Aliquot5
527 3950 694 4029 praeterea
715 3932 819 4008 libros
849 3934 885 4005 in
911 3933 1028 4005 italam
1051 3932 1201 4026 linguam

471 4050 486 4099 1
