3259 4959
534 431 674 486 susurru
691 429 871 482 araurem
1144 399 1212 477 333

94 527 103 536 ⁶
193 547 354 643 pensione
369 561 545 640 perspecta
555 597 568 634 ,
586 546 695 616 eidem
714 567 770 615 eas
797 539 972 615 excolendi
994 539 1128 613 versiam
1148 543 1210 613 de-

196 669 265 755 dit,
288 669 350 740 hac
377 685 489 738 tamen
506 666 602 758 iege,
617 683 655 736 ut
673 689 731 736 sua
750 665 861 735 studia
878 661 1014 734 referret
1033 663 1146 732 omnia
1165 663 1210 732 ad
1359 685 1364 693 ·

196 782 324 855 forense
344 807 480 870 munus,
500 785 553 855 cui
571 785 681 876 ipsum
700 782 769 876 jam
790 799 861 853 tum
881 780 1124 852 destinaverat·
1141 784 1213 852 Pri·

197 925 290 972 mum
316 903 427 996 itaque
452 903 495 973 ad
523 903 754 994 perdiscendas
774 900 914 971 accessit
939 900 1211 991 pbilosophorum

199 1018 387 1105 doctrinas,
414 1019 451 1090 iu
479 1045 545 1112 quo
570 1020 751 1111 plurimum
777 1017 830 1088 itti
860 1015 983 1108 profuit
1009 1017 1211 1088 domesticus

196 1157 273 1206 usus
296 1152 330 1208 at
357 1137 557 1208 consuetudo
583 1139 668 1208 inita
685 1161 760 1208 cum
789 1138 934 1206 Antonio
952 1136 995 1206 de
1024 1135 1222 1206 comitibus-

182 1249 268 1318 -viro
295 1250 583 1348 celebratissimo.
612 1253 697 1322 Mox
722 1273 911 1342 graecarum
937 1248 1121 1320 litterarum
1140 1267 1214 1321 stu-

200 1362 294 1433 dium
322 1365 487 1456 suscepit,
508 1388 566 1436 seu
585 1364 694 1456 potius
712 1364 897 1448 revocavit,
914 1363 1087 1436 Jacobetto
1110 1362 1215 1450 duce,

202 1501 314 1552 earum
334 1483 535 1574 peritissimo
562 1485 635 1574 (r).
666 1485 762 1556 Hunc
781 1483 871 1554 enim
891 1507 1038 1552 amorem
1059 1482 1124 1573 ipsi
1143 1482 1215 1576 jam

201 1613 298 1666 autea
316 1595 484 1668 afflaverat
499 1600 714 1683 Lazasrinus,
730 1599 787 1691 qui
807 1622 893 1668 nunc
913 1598 1118 1668 decesserat.

230 1709 293 1781 His
304 1708 408 1782 forme
422 1713 624 1804 temporibus
633 1712 757 1802 Josepb
767 1711 985 1802 Recuperotr‘s
1000 1710 1214 1797 adscribitur,

200 1851 338 1921 quorum
357 1831 535 1904 admodum
559 1832 698 1904 illustris
715 1832 913 1902 Academia.
934 1832 1026 1903 uaso
1044 1830 1097 1902 itti
1117 1829 1213 1926 quasi

202 1940 366 2020 theatrum
396 1947 521 2038 patuit,
550 1946 585 2018 in
612 1971 678 2039 quo
701 1968 737 2016 se
769 1969 807 2014 ao
830 1968 908 2016 suas
936 1967 1017 2035 opes
1040 1943 1215 2034 proderet,

200 2083 279 2152 pras
310 2065 428 2136 ceteris
458 2067 526 2140 vim
543 2066 718 2157 *poeticam
738 2116 748 2149 ,
772 2087 873 2154 quam
897 2063 1051 2147 sortitus,
1070 2078 1108 2132 ut
1125 2062 1224 2135 dixi..

198 2165 277 2246 mus
295 2201 315 2245 a
333 2196 470 2263 natura,
488 2177 711 2248 corroboravit
724 2176 909 2245 eruditione
928 2175 1126 2266 multiplici.
1146 2176 1218 2248 Ubi

202 2304 314 2358 autem
341 2307 477 2359 naturae
501 2289 644 2360 eximiae
671 2288 800 2358 accedit
818 2289 902 2359 ratio
920 2287 1082 2380 quaedam
1097 2340 1108 2372 ,
1122 2311 1226 2356 cors..

204 2397 423 2495 formatioque
443 2403 632 2488 doctrinae,
652 2419 722 2474 tum
742 2400 827 2473 illud
845 2402 957 2473 nescio
975 2401 1056 2493 quid
1074 2400 1226 2492 praecia-¹
1354 2475 1359 2484 ,

203 2511 278 2590 rum
306 2543 345 2592 ac
363 2521 527 2614 singulare
546 2523 630 2593 solet
654 2523 795 2593 existere
813 2521 877 2592 ‚lt
895 2518 1113 2591 obtinendum
1139 2541 1218 2609 pro-

204 2656 358 2730 posuerat
384 2641 450 2714 sibi
478 2642 667 2714 Bartholus.
696 2645 771 2733 Quo
798 2643 857 2713 ille
885 2660 1074 2734 progressus
1098 2634 1222 2722 fuerit,

206 2756 277 2851 ejus
296 2783 395 2852 opera
409 2762 496 2832 clare
515 2762 761 2848 ostendunt,de
779 2759 899 2852 quibus
918 2775 1014 2850 post;
1031 2779 1118 2830 nuuc
1136 2749 1226 2833 ordia
1372 2832 1376 2838 .

206 2895 284 2947 uem
302 2901 412 2950 rerum
430 2903 568 2972 sequar,
583 2905 625 2952 ne
642 2881 899 2970 interrumpatur
916 2879 1073 2951 historia.
1219 2896 1224 2912 ⁴

249 2995 296 3064 Ut
307 2993 408 3088 igitur
424 2997 549 3089 Joseph
564 2996 801 3068 obsecundaret
818 2996 960 3088 imperio
970 2992 1144 3089 patris,ad
1165 2989 1227 3084 jur-I

204 3103 462 3197 risprudentiam
489 3108 657 3196 incubuit,
677 3109 743 3201 ipsi
763 3126 940 3200 praeeunte
959 3105 1141 3200 professore
1162 3103 1221 3173 do·

206 3221 355 3292 ctissime
368 3224 546 3312 Afaleons,
564 3251 663 3318 quem
683 3227 789 3298 audiit
807 3226 911 3296 etiam
930 3223 1086 3317 privatim
1105 3222 1219 3294 domi.

206 3332 294 3402 Huic
320 3334 379 3404 ille
398 3337 522 3406 doctori
549 3338 682 3410 deditus
709 3341 821 3410 laurea
843 3339 1020 3431 insignitus
1049 3334 1113 3408 fuit
1140 3353 1217 3407 aun.

211 3449 314 3540 1736,
325 3449 401 3520 dein
419 3453 455 3522 iu
475 3451 579 3524 forum
599 3456 709 3540 venit,
722 3459 820 3548 poulo
838 3472 933 3547 post,
946 3469 1109 3526 annuente
1127 3467 1222 3546 patre

204 3586 252 3640 ex
279 3568 351 3664 ojus
372 3572 511 3662 strepitu
540 3595 576 3642 se
594 3574 779 3666 surripuit,
802 3575 992 3668 hujusmodi
1010 3561 1223 3667 ritaegebrs

209 3705 346 3782 perosus
358 3687 466 3780 ,quod
485 3703 600 3764 natura
612 3689 744 3782 penitus
753 3707 955 3784 repugnante
966 3707 1154 3789 susceptum
1170 3688 1223 3764 illi

549 3889 881 3935 mmmmm

203 4015 206 4022 1
249 4063 299 4152 (r)
319 4061 399 4132 Vide
416 4061 478 4148 ejus
498 4064 588 4128 vitam
606 4085 672 4150 pag.
695 4085 761 4148 roas

488 4145 535 4220 25
