3259 4959
377 382 446 455 236
698 400 782 453 vtro
801 400 949 451 toruum
970 401 1064 451 nassr

373 495 466 567 Bassi
485 492 557 565 laus
575 496 746 585 perspecta
764 517 895 585 prorsus
915 511 948 562 et
968 491 1161 564 manifesta.
1181 494 1214 565 Is
1233 494 1336 587 igitur
1352 496 1390 569 in

375 609 520 680 oratione
531 661 543 694 ,
560 632 659 698 quam
680 608 823 697 primam
842 608 928 698 apud
947 609 1081 677 eoadem
1105 607 1222 678 habuit
1241 610 1276 678 in
1305 636 1391 683 nora

376 728 557 798 studiorum
576 728 830 814 instauratione,
844 728 1032 821 hujusmodi
1046 729 1192 821 ‚elogium
1205 730 1289 801 texit
1306 734 1392 823 opti·

375 866 431 913 mc
450 844 590 915 merenti
612 866 670 911 ouo
690 842 851 913 decessori
871 846 885 933 (
909 845 944 933 ).
1044 832 1046 836 ¹

422 988 440 1025 o
458 958 588 1029 Acerbo
606 981 685 1027 sanc
713 974 747 1027 ct
774 958 966 1031 calamitoso
989 955 1058 1027 fato
1084 957 1182 1051 hujus
1209 959 1387 1032 seminarii

376 1105 395 1143 a
419 1075 572 1167 regimini
601 1076 659 1144 ille
683 1090 812 1164 ereptus
842 1092 893 1144 est
916 1076 931 1167 (
943 1076 1063 1146 Bataua
1081 1076 1235 1167 scilicet)
1260 1078 1317 1167 qni
1345 1077 1388 1147 ad

377 1218 396 1255 o
417 1189 451 1257 id
477 1206 572 1278 aptus
602 1187 775 1258 videbatur
804 1214 906 1276 unus,
934 1190 1056 1281 quiin
1075 1190 1193 1261 utilem
1213 1191 1289 1261 huic
1316 1192 1390 1261 loco

373 1334 393 1372 n
409 1302 542 1372 navavit
573 1324 728 1392 operam,
747 1325 812 1393 quo
829 1320 901 1373 erat
918 1303 1052 1395 ingenio
1070 1356 1080 1389 ,
1100 1327 1165 1395 qua
1182 1305 1356 1396 prudentia
1373 1356 1386 1389 ,

373 1450 395 1487 n
414 1420 561 1490 doctrina
590 1422 777 1513 blandaque
800 1439 934 1507 natura,
953 1438 990 1490 ut
1020 1439 1178 1513 quantum
1204 1446 1265 1514 ogo
1283 1424 1388 1493 homi·

376 1544 492 1607 u'num
520 1540 638 1609 notitia
665 1541 776 1626 valeo,
796 1541 855 1610 illo
874 1564 893 1610 e
911 1540 995 1609 vivia
1022 1540 1171 1626 sublato,
1191 1564 1288 1609 nemo
1303 1566 1388 1611 unua

374 1688 393 1723 a
411 1657 495 1725 mihi
515 1658 663 1727 videatur
681 1682 756 1728 cam
781 1659 1006 1731 calamitatem
1027 1657 1129 1729 fuisse
1159 1659 1256 1750 piene
1285 1676 1319 1729 et
1348 1684 1387 1728 o-

377 1802 395 1837 n
413 1770 546 1839 mnibus
575 1773 722 1841 numeria
751 1790 957 1863 reparaturus
969 1804 1020 1842 n.
1048 1777 1093 1843 Et
1121 1772 1218 1863 paulo
1247 1789 1319 1862 post
1345 1773 1387 1842 de

379 1888 517 1957 codem.
536 1917 556 1954 e
574 1887 700 1981 Cujus,
729 1889 861 1982 inquit,
881 1892 934 1960 vel
953 1892 1063 1982 iprum
1082 1914 1201 1960 nomen
1221 1892 1263 1959 ad
1281 1890 1389 1960 laodic

375 2040 394 2075 n
410 2006 577 2075 cumulum
598 2008 678 2075 eatis
699 2008 839 2078 arbitror
851 2004 900 2079 o}
928 2012 1048 2082 Bassus
1072 2010 1170 2079 finem
1191 2008 1321 2077 vivendi
1341 2008 1390 2081 fc·

375 2126 441 2211 cit,
456 2149 531 2194 curn
555 2126 639 2196 illud
661 2126 883 2199 Seminarium
908 2130 1025 2199 floreno
1055 2128 1167 2220 magni
1191 2128 1386 2201 incrementi

374 2268 469 2335 apem
485 2244 658 2315 exhiberet
677 2248 754 2336 (2),
774 2248 816 2316 ad
836 2247 923 2337 quod
954 2247 1134 2338 plurimum
1163 2263 1198 2317 ct
1221 2248 1294 2337 ipae
1313 2273 1390 2317 con-

375 2360 513 2429 tulerat.
533 2358 612 2453 Ejus
632 2376 772 2431 mortem
798 2362 902 2431 tulere
920 2361 1061 2452 graviter
1079 2360 1214 2430 vicetini
1237 2361 1389 2433 Semina·

374 2472 499 2543 aienses
518 2472 553 2540 in
572 2473 872 2562 primis‚eamdem
892 2475 1080 2566 prosequuti
1096 2498 1215 2567 magno
1234 2474 1389 2545 doiorcet

375 2585 488 2659 multis
507 2585 669 2658 lacrimis.

717 2793 1048 2823 ΜΜΜΜΜΜ

417 2936 466 3015 (r)
488 2937 573 2997 Hanc
592 2956 656 2996 cum
675 2934 741 2996 aliis
769 2934 881 2997 duabut
910 2934 1002 2997 edidit
1021 2935 1096 3017 typis
1113 2932 1258 2999 seminar.
1286 2944 1384 3016 pauc.

380 3043 610 3222 Upgpffieue
628 3142 770 3203 letteraric
789 3142 939 3202 dell'anno
963 3144 1038 3223 1748
1050 3160 1114 3225 pag.
1128 3141 1176 3206 51.
1189 3140 1384 3204 Manuchelli

381 3246 512 3319 scrittori
531 3245 653 3309 d'ltalia
672 3244 742 3315 Vol.
762 3247 790 3307 11
809 3246 842 3307 Ρ.
864 3248 879 3306 Ι
898 3265 962 3327 pag.
983 3243 1052 3306 535.
1236 3248 1239 3257 '
