3259 4959
431 299 502 396 466

428 440 571 538 subjecit
588 464 644 538 9ο.
665 423 775 530 Quam
797 461 995 533 propensus,
1012 465 1079 514 uns
1098 465 1175 516 eum
1194 445 1264 518 filie
1293 459 1328 518 et
1359 465 1473 546 nepo:

429 579 463 634 te
474 616 486 652 ,
505 563 540 635 in
559 563 610 634 Jo.
632 557 767 630 Olivam
787 559 877 644 238,
897 556 965 648 242
983 571 1018 626 et
1036 579 1130 650 seqq.

479 680 670 755 Studiorum
690 701 768 746 cura
787 689 888 766 quem
909 675 1087 746 sollicitum
1107 680 1145 748 B.
1172 681 1375 773 Gregorium
1405 682 1477 754 ha.

428 799 539 871 ltuerit
557 799 612 872 26.
635 798 692 868 Bis
711 819 841 892 quoque
859 819 948 864 anuo
967 796 1160 887 quindecim
1182 800 1317 873 dierum
1344 804 1467 896 spatio

428 914 620 989 eorumdem
640 909 876 983 instituebatur
894 931 1036 978 examen
1055 913 1114 984 31.

920 1030 954 1097 'l'

472 1149 660 1226 Trestensis
679 1147 811 1240 collegii
832 1145 998 1218 institutio
1016 1165 1052 1218 et
1069 1147 1160 1222 fama
1178 1152 1235 1226 66.

472 1265 710 1360 Typugraplria
736 1287 756 1332 a
779 1263 816 1332 B.
847 1262 1007 1354 Gregorio
1032 1262 1069 1332 in
1098 1265 1289 1338 Seminario
1322 1266 1470 1338 institu-

431 1401 466 1458 ta
484 1383 540 1460 56.
559 1386 706 1480 Quinam
725 1401 759 1456 et
785 1382 953 1476 quomode
979 1383 1023 1455 ad
1053 1385 1208 1456 eamdem
1243 1387 1472 1460 institueren-

431 1505 563 1580 tur‘58.

909 1614 947 1689 V
1008 1637 1012 1644 .

473 1730 604 1806 Vicanii
623 1726 747 1799 foranei
766 1727 944 1819 patavinae
961 1727 1149 1802 dioeceseos
1167 1755 1226 1802 eur
1240 1731 1350 1802 semel
1366 1748 1469 1824 quet·

425 1849 522 1922 annis
541 1849 577 1919 in
596 1846 819 1919 Seminarium
839 1847 1014 1916 convenire
1032 1848 1221 1943 juberentur
1239 1848 1299 1921 55.

474 1961 632 2036 vicarius
651 1960 851 2034 Vincentius
865 1961 936 2032 Jae.
951 1961 1123 2033 Jacobetto
1137 1963 1367 2036 amicissimus
1382 1989 1423 2038 u
1433 1993 1469 2044 ι.

472 2081 669 2156 Vicetinum
695 2079 919 2150 Seminarium
946 2096 1099 2152 rexerunt
1116 2083 1260 2154 Ioannes
1274 2084 1403 2156 Bassus
1422 2102 1465 2160 et

428 2199 545 2273 Petrus
563 2197 733 2275 Facciolus
753 2199 841 2284 255,
861 2196 940 2272 316.

475 2321 639 2392 Utinense
670 2317 894 2392 Seminarium
924 2318 1074 2412 patarini
1111 2316 1290 2392 seminarii
1323 2318 1467 2414 legibue

428 2434 618 2508 institutum
638 2434 694 2507 65.

477 2551 624 2644 Vulpius
639 2549 820 2646 cajetanus
829 2548 865 2621 irs
874 2550 927 2620 Fr.
941 2547 1077 2623 Castalis
1094 2544 1393 2622 laudibuseffusus
1402 2575 1465 2649 99.

328 2715 334 2726 ,
476 2671 623 2764 Vulpius
637 2673 689 2744 Jo.
707 2673 829 2742 Anton.
846 2669 1011 2742 Jacoleni
1027 2669 1177 2740 laudator
1190 2671 1364 2739 maximus
1378 2695 1465 2746 rra.
1543 2692 1545 2741 t

429 2787 567 2879 losephi
586 2783 734 2858 Bartheli
751 2784 860 2858 adhue
879 2783 1097 2858 adolescentis
1112 2783 1279 2880 poetieam
1301 2785 1462 2862 indolem
1541 2752 1544 2853 i

429 2902 613 2980 admiratur
630 2904 709 2977 352.
1540 2866 1542 2911 ἱ

475 3021 647 3094 Welehius
659 3021 738 3094 uns.
751 3021 844 3098 Guil.
859 3021 1052 3096 Fraueiscus
1064 3021 1355 3098 Sandinumnotat
1373 3049 1393 3094 ι
1398 3036 1461 3118 9²5

431 3265 434 3272 '
473 3251 581 3326 Zenus
591 3251 768 3346 Apostolus
781 3253 910 3355 plaudit
920 3140 1041 3349 (Zieorg.
1058 3255 1156 3328 Card.
1169 3252 1353 3340 Cornelio,
1368 3257 1461 3349 quod

431 3372 618 3478 Seminarie
646 3367 837 3467 acquisierit
856 3376 1176 3469 praestantissimam
1204 3373 1382 3446 Alvaretti
1404 3375 1460 3448 bi·

430 3486 633 3561 lrliuthecam
653 3489 708 3582 98.

475 3603 588 3676 lenus
605 3603 721 3676 Petrus
738 3602 919 3678 seminarii
936 3605 1089 3677 alumnus
1107 3600 1264 3674 laudatus
1289 3602 1376 3700 148.
