<?xml version="1.0" encoding="UTF-8"?>
<!DOCTYPE html PUBLIC "-//W3C//DTD XHTML 1.0 Transitional//EN"
    "http://www.w3.org/TR/xhtml1/DTD/xhtml1-transitional.dtd">
<html xmlns="http://www.w3.org/1999/xhtml" xml:lang="en" lang="en">
 <head>
  <title>
</title>
<meta http-equiv="Content-Type" content="text/html;charset=utf-8" />
  <meta name='ocr-system' content='tesseract 3.04.00' />
  <meta name='ocr-capabilities' content='ocr_page ocr_carea ocr_par ocr_line ocrx_word'/>
</head>
<body>
  <div class='ocr_page' id='page_1' title='image "./vitaevirorumill00ferrgoog_0468.png"; bbox 0 0 3259 4959; ppageno 0'>
   <div class='ocr_carea' id='block_1_1' title="bbox 439 315 1536 662">
    <p class='ocr_par' dir='ltr' id='par_1_1' title="bbox 439 315 1536 662">
     <span class='ocr_line' id='line_1_1' title="bbox 439 315 522 406; baseline 0.048 -24"><span class='ocrx_word' id='word_1_1' title='bbox 439 315 522 406; x_wconf 66' lang='lat' dir='ltr'>[pao&#39;</span> 
     </span>
     <span class='ocr_line' id='line_1_2' title="bbox 489 445 1442 540; baseline -0.008 -19"><span class='ocrx_word' id='word_1_2' title='bbox 489 454 587 520; x_wconf 79' lang='lat' dir='ltr'>Anno</span> <span class='ocrx_word' id='word_1_3' title='bbox 607 464 682 516; x_wconf 90' lang='lat' dir='ltr'>ante</span> <span class='ocrx_word' id='word_1_4' title='bbox 702 447 827 538; x_wconf 84' lang='lat' dir='ltr'>publici</span> <span class='ocrx_word' id='word_1_5' title='bbox 846 447 926 540; x_wconf 74' lang='lat' dir='ltr'>juris</span> <span class='ocrx_word' id='word_1_6' title='bbox 952 447 1073 517; x_wconf 88' lang='lat' dir='ltr'>lecerat</span> <span class='ocrx_word' id='word_1_7' title='bbox 1101 446 1204 516; x_wconf 89' lang='lat' dir='ltr'>alium</span> <span class='ocrx_word' id='word_1_8' title='bbox 1223 445 1367 536; x_wconf 87' lang='lat' dir='ltr'>librum,</span> <span class='ocrx_word' id='word_1_9' title='bbox 1395 474 1442 520; x_wconf 84' lang='lat' dir='ltr'>co.</span> 
     </span>
     <span class='ocr_line' id='line_1_3' title="bbox 443 563 1536 662; baseline -0.002 -27"><span class='ocrx_word' id='word_1_10' title='bbox 443 569 494 662; x_wconf 74' lang='lat' dir='ltr'>jus</span> <span class='ocrx_word' id='word_1_11' title='bbox 522 563 576 631; x_wconf 90' lang='lat' dir='ltr'>lric</span> <span class='ocrx_word' id='word_1_12' title='bbox 604 579 655 630; x_wconf 90' lang='lat' dir='ltr'>est</span> <span class='ocrx_word' id='word_1_13' title='bbox 682 563 818 630; x_wconf 87' lang='lat' dir='ltr'>titulus:</span> <span class='ocrx_word' id='word_1_14' title='bbox 853 593 871 628; x_wconf 77' lang='lat' dir='ltr'>o</span> <span class='ocrx_word' id='word_1_15' title='bbox 896 564 1050 630; x_wconf 87' lang='lat' dir='ltr'>Dottrina</span> <span class='ocrx_word' id='word_1_16' title='bbox 1077 563 1132 631; x_wconf 90' lang='lat' dir='ltr'>dei</span> <span class='ocrx_word' id='word_1_17' title='bbox 1162 563 1259 632; x_wconf 83' lang='lat' dir='ltr'>Padri</span> <span class='ocrx_word' id='word_1_18' title='bbox 1284 567 1370 654; x_wconf 81' lang='lat' dir='ltr'>greci</span> <span class='ocrx_word' id='word_1_19' title='bbox 1398 593 1443 634; x_wconf 89' lang='lat' dir='ltr'>re·</span> <span class='ocrx_word' id='word_1_20' title='bbox 1535 582 1536 641; x_wconf 74' lang='lat' dir='ltr'>t</span> 
     </span>
    </p>
   </div>
   <div class='ocr_carea' id='block_1_2' title="bbox 407 670 1537 3573">
    <p class='ocr_par' dir='ltr' id='par_1_2' title="bbox 448 670 1537 2417">
     <span class='ocr_line' id='line_1_4' title="bbox 449 670 1536 756; baseline 0.002 -4"><span class='ocrx_word' id='word_1_21' title='bbox 449 718 467 752; x_wconf 79' lang='lat' dir='ltr'>o</span> <span class='ocrx_word' id='word_1_22' title='bbox 491 686 593 756; x_wconf 83' lang='lat' dir='ltr'>lotivu</span> <span class='ocrx_word' id='word_1_23' title='bbox 636 685 700 752; x_wconf 85' lang='lat' dir='ltr'>ulle</span> <span class='ocrx_word' id='word_1_24' title='bbox 745 684 943 752; x_wconf 82' lang='lat' dir='ltr'>circortanze</span> <span class='ocrx_word' id='word_1_25' title='bbox 979 684 1065 752; x_wconf 83' lang='lat' dir='ltr'>dello</span> <span class='ocrx_word' id='word_1_26' title='bbox 1101 681 1224 752; x_wconf 81' lang='lat' dir='ltr'>Chiesa</span> <span class='ocrx_word' id='word_1_27' title='bbox 1260 684 1317 750; x_wconf 89' lang='lat' dir='ltr'>nel</span> <span class='ocrx_word' id='word_1_28' title='bbox 1349 687 1444 754; x_wconf 90' lang='lat' dir='ltr'>secolo</span> <span class='ocrx_word' id='word_1_29' title='bbox 1535 670 1536 717; x_wconf 70' lang='lat' dir='ltr'>t</span> 
     </span>
     <span class='ocr_line' id='line_1_5' title="bbox 448 722 1537 891; baseline 0.002 -25"><span class='ocrx_word' id='word_1_30' title='bbox 448 831 467 866; x_wconf 77' lang='lat' dir='ltr'>o</span> <span class='ocrx_word' id='word_1_31' title='bbox 490 801 660 868; x_wconf 83' lang='lat' dir='ltr'>XVIIIo.</span> <span class='ocrx_word' id='word_1_32' title='bbox 682 799 784 888; x_wconf 88' lang='lat' dir='ltr'>quue</span> <span class='ocrx_word' id='word_1_33' title='bbox 804 799 968 888; x_wconf 86' lang='lat' dir='ltr'>praestitit</span> <span class='ocrx_word' id='word_1_34' title='bbox 991 821 1030 864; x_wconf 90' lang='lat' dir='ltr'>eo</span> <span class='ocrx_word' id='word_1_35' title='bbox 1051 799 1112 865; x_wconf 87' lang='lat' dir='ltr'>line</span> <span class='ocrx_word' id='word_1_36' title='bbox 1124 849 1135 882; x_wconf 90' lang='lat'>‚</span> <span class='ocrx_word' id='word_1_37' title='bbox 1153 814 1189 864; x_wconf 94' lang='lat' dir='ltr'>ut</span> <span class='ocrx_word' id='word_1_38' title='bbox 1208 798 1315 891; x_wconf 78' lang='lat' dir='ltr'>majus</span> <span class='ocrx_word' id='word_1_39' title='bbox 1334 801 1445 888; x_wconf 91' lang='lat' dir='ltr'>pondus</span> <span class='ocrx_word' id='word_1_40' title='bbox 1535 722 1537 851; x_wconf 87' lang='lat' dir='ltr'>l</span> 
     </span>
     <span class='ocr_line' id='line_1_6' title="bbox 450 918 1446 1008; baseline -0.001 -21"><span class='ocrx_word' id='word_1_41' title='bbox 450 918 625 1002; x_wconf 82' lang='lat' dir='ltr'>haberent,</span> <span class='ocrx_word' id='word_1_42' title='bbox 638 942 721 1008; x_wconf 86' lang='lat' dir='ltr'>quae</span> <span class='ocrx_word' id='word_1_43' title='bbox 741 919 914 986; x_wconf 77' lang='lat' dir='ltr'><strong>scriberet.</strong></span> <span class='ocrx_word' id='word_1_44' title='bbox 930 918 1082 1007; x_wconf 80' lang='lat' dir='ltr'><strong>Plerique</strong></span> <span class='ocrx_word' id='word_1_45' title='bbox 1101 918 1190 984; x_wconf 90' lang='lat' dir='ltr'>cuim</span> <span class='ocrx_word' id='word_1_46' title='bbox 1211 942 1275 984; x_wconf 93' lang='lat' dir='ltr'>non</span> <span class='ocrx_word' id='word_1_47' title='bbox 1297 934 1362 985; x_wconf 86' lang='lat' dir='ltr'>tum</span> <span class='ocrx_word' id='word_1_48' title='bbox 1380 919 1446 1008; x_wconf 92' lang='lat' dir='ltr'>quid</span> 
     </span>
     <span class='ocr_line' id='line_1_7' title="bbox 453 1037 1450 1127; baseline -0.002 -21"><span class='ocrx_word' id='word_1_49' title='bbox 453 1039 601 1116; x_wconf 76' lang='lat' dir='ltr'>dicatur,</span> <span class='ocrx_word' id='word_1_50' title='bbox 622 1063 720 1127; x_wconf 91' lang='lat' dir='ltr'>quam</span> <span class='ocrx_word' id='word_1_51' title='bbox 745 1063 763 1105; x_wconf 88' lang='lat' dir='ltr'>a</span> <span class='ocrx_word' id='word_1_52' title='bbox 784 1063 848 1127; x_wconf 90' lang='lat' dir='ltr'>quo</span> <span class='ocrx_word' id='word_1_53' title='bbox 876 1038 1018 1121; x_wconf 84' lang='lat' dir='ltr'>dicatur,</span> <span class='ocrx_word' id='word_1_54' title='bbox 1042 1038 1233 1105; x_wconf 86' lang='lat' dir='ltr'>atterulunt.</span> <span class='ocrx_word' id='word_1_55' title='bbox 1253 1039 1303 1104; x_wconf 81' lang='lat' dir='ltr'>Ea</span> <span class='ocrx_word' id='word_1_56' title='bbox 1329 1060 1399 1104; x_wconf 90' lang='lat' dir='ltr'>vcro</span> <span class='ocrx_word' id='word_1_57' title='bbox 1413 1037 1450 1104; x_wconf 80' lang='lat' dir='ltr'>le·</span> 
     </span>
     <span class='ocr_line' id='line_1_8' title="bbox 454 1151 1524 1242; baseline 0.002 -24"><span class='ocrx_word' id='word_1_58' title='bbox 454 1151 503 1242; x_wconf 81' lang='lat' dir='ltr'>git</span> <span class='ocrx_word' id='word_1_59' title='bbox 522 1174 564 1218; x_wconf 80' lang='lat' dir='ltr'>ex</span> <span class='ocrx_word' id='word_1_60' title='bbox 576 1152 722 1242; x_wconf 88' lang='lat' dir='ltr'>putribus</span> <span class='ocrx_word' id='word_1_61' title='bbox 732 1205 742 1236; x_wconf 88' lang='lat'>,</span> <span class='ocrx_word' id='word_1_62' title='bbox 759 1168 793 1220; x_wconf 92' lang='lat' dir='ltr'>et</span> <span class='ocrx_word' id='word_1_63' title='bbox 812 1152 847 1218; x_wconf 87' lang='lat' dir='ltr'>in</span> <span class='ocrx_word' id='word_1_64' title='bbox 866 1153 981 1220; x_wconf 88' lang='lat' dir='ltr'>italam</span> <span class='ocrx_word' id='word_1_65' title='bbox 1002 1153 1148 1242; x_wconf 83' lang='lat' dir='ltr'>linguam</span> <span class='ocrx_word' id='word_1_66' title='bbox 1168 1152 1283 1235; x_wconf 83' lang='lat' dir='ltr'>rectit,</span> <span class='ocrx_word' id='word_1_67' title='bbox 1296 1175 1376 1242; x_wconf 88' lang='lat' dir='ltr'>quae</span> <span class='ocrx_word' id='word_1_68' title='bbox 1390 1177 1448 1242; x_wconf 84' lang='lat' dir='ltr'>pro</span> <span class='ocrx_word' id='word_1_69' title='bbox 1522 1230 1524 1233; x_wconf 17' lang='lat'>¹</span> 
     </span>
     <span class='ocr_line' id='line_1_9' title="bbox 454 1258 1452 1357; baseline 0 -23"><span class='ocrx_word' id='word_1_70' title='bbox 454 1266 530 1357; x_wconf 84' lang='lat' dir='ltr'>pius</span> <span class='ocrx_word' id='word_1_71' title='bbox 551 1264 748 1353; x_wconf 75' lang='lat' dir='ltr'>attingerent</span> <span class='ocrx_word' id='word_1_72' title='bbox 767 1266 927 1335; x_wconf 83' lang='lat' dir='ltr'>excitatas</span> <span class='ocrx_word' id='word_1_73' title='bbox 945 1266 1030 1334; x_wconf 90' lang='lat' dir='ltr'>inter</span> <span class='ocrx_word' id='word_1_74' title='bbox 1049 1258 1292 1334; x_wconf 79' lang='lat' dir='ltr'>ecclesiasticos</span> <span class='ocrx_word' id='word_1_75' title='bbox 1313 1267 1392 1334; x_wconf 89' lang='lat' dir='ltr'>viros</span> <span class='ocrx_word' id='word_1_76' title='bbox 1405 1289 1452 1334; x_wconf 87' lang='lat' dir='ltr'>no-</span> 
     </span>
     <span class='ocr_line' id='line_1_10' title="bbox 458 1383 1450 1472; baseline -0.005 -17"><span class='ocrx_word' id='word_1_77' title='bbox 458 1403 597 1454; x_wconf 88' lang='lat' dir='ltr'>strorum</span> <span class='ocrx_word' id='word_1_78' title='bbox 619 1400 801 1472; x_wconf 89' lang='lat' dir='ltr'>temporum</span> <span class='ocrx_word' id='word_1_79' title='bbox 817 1383 1068 1453; x_wconf 89' lang='lat' dir='ltr'>controversias.</span> <span class='ocrx_word' id='word_1_80' title='bbox 1081 1387 1119 1453; x_wconf 86' lang='lat' dir='ltr'>ln</span> <span class='ocrx_word' id='word_1_81' title='bbox 1134 1384 1195 1452; x_wconf 88' lang='lat' dir='ltr'>hac</span> <span class='ocrx_word' id='word_1_82' title='bbox 1208 1406 1304 1472; x_wconf 92' lang='lat' dir='ltr'>porro</span> <span class='ocrx_word' id='word_1_83' title='bbox 1324 1384 1450 1451; x_wconf 80' lang='lat' dir='ltr'>versione</span> 
     </span>
     <span class='ocr_line' id='line_1_11' title="bbox 459 1495 1450 1591; baseline -0.004 -24"><span class='ocrx_word' id='word_1_84' title='bbox 459 1501 606 1591; x_wconf 90' lang='lat' dir='ltr'>puriores</span> <span class='ocrx_word' id='word_1_85' title='bbox 627 1524 756 1591; x_wconf 86' lang='lat' dir='ltr'>graecos</span> <span class='ocrx_word' id='word_1_86' title='bbox 783 1500 933 1583; x_wconf 86' lang='lat' dir='ltr'>codices,</span> <span class='ocrx_word' id='word_1_87' title='bbox 956 1514 992 1565; x_wconf 92' lang='lat' dir='ltr'>ut</span> <span class='ocrx_word' id='word_1_88' title='bbox 1011 1495 1155 1583; x_wconf 83' lang='lat' dir='ltr'>fatetur,</span> <span class='ocrx_word' id='word_1_89' title='bbox 1174 1514 1207 1565; x_wconf 86' lang='lat' dir='ltr'>et</span> <span class='ocrx_word' id='word_1_90' title='bbox 1230 1497 1450 1566; x_wconf 77' lang='lat' dir='ltr'>emendatiores</span> 
     </span>
     <span class='ocr_line' id='line_1_12' title="bbox 460 1612 1452 1706; baseline -0.006 -20"><span class='ocrx_word' id='word_1_91' title='bbox 460 1619 642 1702; x_wconf 80' lang='lat' dir='ltr'>consuluit,</span> <span class='ocrx_word' id='word_1_92' title='bbox 667 1636 700 1687; x_wconf 89' lang='lat' dir='ltr'>et</span> <span class='ocrx_word' id='word_1_93' title='bbox 727 1621 768 1688; x_wconf 86' lang='lat' dir='ltr'>ad</span> <span class='ocrx_word' id='word_1_94' title='bbox 789 1620 921 1688; x_wconf 89' lang='lat' dir='ltr'>eosdem</span> <span class='ocrx_word' id='word_1_95' title='bbox 946 1617 1071 1685; x_wconf 81' lang='lat' dir='ltr'>studuit</span> <span class='ocrx_word' id='word_1_96' title='bbox 1089 1641 1188 1706; x_wconf 83' lang='lat' dir='ltr'>quam</span> <span class='ocrx_word' id='word_1_97' title='bbox 1218 1613 1366 1706; x_wconf 83' lang='lat' dir='ltr'>proxime</span> <span class='ocrx_word' id='word_1_98' title='bbox 1389 1612 1452 1682; x_wconf 84' lang='lat' dir='ltr'>stilo</span> 
     </span>
     <span class='ocr_line' id='line_1_13' title="bbox 463 1733 1450 1824; baseline -0.006 -20"><span class='ocrx_word' id='word_1_99' title='bbox 463 1740 618 1822; x_wconf 85' lang='lat' dir='ltr'>accedere</span> <span class='ocrx_word' id='word_1_100' title='bbox 637 1767 647 1824; x_wconf 79' lang='lat'>5</span> <span class='ocrx_word' id='word_1_101' title='bbox 667 1763 726 1822; x_wconf 85' lang='lat' dir='ltr'>ne,</span> <span class='ocrx_word' id='word_1_102' title='bbox 746 1739 773 1806; x_wconf 89' lang='lat' dir='ltr'>si</span> <span class='ocrx_word' id='word_1_103' title='bbox 794 1761 887 1807; x_wconf 89' lang='lat' dir='ltr'>secus</span> <span class='ocrx_word' id='word_1_104' title='bbox 907 1737 1047 1821; x_wconf 85' lang='lat' dir='ltr'>fuceret,</span> <span class='ocrx_word' id='word_1_105' title='bbox 1071 1753 1128 1806; x_wconf 85' lang='lat' dir='ltr'>eut</span> <span class='ocrx_word' id='word_1_106' title='bbox 1147 1736 1303 1804; x_wconf 87' lang='lat' dir='ltr'>intimam</span> <span class='ocrx_word' id='word_1_107' title='bbox 1332 1733 1450 1801; x_wconf 85' lang='lat' dir='ltr'>auctoris</span> 
     </span>
     <span class='ocr_line' id='line_1_14' title="bbox 464 1844 1453 1943; baseline -0.003 -27"><span class='ocrx_word' id='word_1_108' title='bbox 464 1851 538 1917; x_wconf 85' lang='lat' dir='ltr'>vim</span> <span class='ocrx_word' id='word_1_109' title='bbox 555 1870 743 1938; x_wconf 80' lang='lat' dir='ltr'>enervaret,</span> <span class='ocrx_word' id='word_1_110' title='bbox 764 1854 851 1943; x_wconf 90' lang='lat' dir='ltr'>quod</span> <span class='ocrx_word' id='word_1_111' title='bbox 883 1876 982 1941; x_wconf 81' lang='lat' dir='ltr'>saepe</span> <span class='ocrx_word' id='word_1_112' title='bbox 1010 1851 1046 1919; x_wconf 86' lang='lat' dir='ltr'>fit</span> <span class='ocrx_word' id='word_1_113' title='bbox 1058 1903 1069 1936; x_wconf 86' lang='lat'><em>,</em></span> <span class='ocrx_word' id='word_1_114' title='bbox 1088 1867 1144 1920; x_wconf 89' lang='lat' dir='ltr'>aut</span> <span class='ocrx_word' id='word_1_115' title='bbox 1164 1850 1316 1919; x_wconf 86' lang='lat' dir='ltr'>tenebras</span> <span class='ocrx_word' id='word_1_116' title='bbox 1342 1847 1399 1938; x_wconf 87' lang='lat' dir='ltr'>ipsi</span> <span class='ocrx_word' id='word_1_117' title='bbox 1414 1844 1453 1913; x_wconf 84' lang='lat' dir='ltr'>ol·</span> 
     </span>
     <span class='ocr_line' id='line_1_15' title="bbox 467 1967 1455 2041; baseline -0.006 -3"><span class='ocrx_word' id='word_1_118' title='bbox 467 1967 638 2040; x_wconf 80' lang='lat' dir='ltr'>funderet.</span> <span class='ocrx_word' id='word_1_119' title='bbox 667 1975 760 2041; x_wconf 87' lang='lat' dir='ltr'>Hono</span> <span class='ocrx_word' id='word_1_120' title='bbox 789 1989 899 2041; x_wconf 86' lang='lat' dir='ltr'>autem</span> <span class='ocrx_word' id='word_1_121' title='bbox 926 1973 961 2040; x_wconf 94' lang='lat' dir='ltr'>in</span> <span class='ocrx_word' id='word_1_122' title='bbox 985 1971 1039 2041; x_wconf 91' lang='lat' dir='ltr'>his</span> <span class='ocrx_word' id='word_1_123' title='bbox 1067 1972 1230 2040; x_wconf 85' lang='lat' dir='ltr'>vertendis</span> <span class='ocrx_word' id='word_1_124' title='bbox 1251 1969 1404 2038; x_wconf 81' lang='lat' dir='ltr'>rationem</span> <span class='ocrx_word' id='word_1_125' title='bbox 1426 1988 1455 2032; x_wconf 89' lang='lat' dir='ltr'>oc</span> 
     </span>
     <span class='ocr_line' id='line_1_16' title="bbox 467 2088 1455 2179; baseline -0.006 -23"><span class='ocrx_word' id='word_1_126' title='bbox 467 2089 601 2156; x_wconf 89' lang='lat' dir='ltr'>modurn</span> <span class='ocrx_word' id='word_1_127' title='bbox 626 2091 747 2158; x_wconf 88' lang='lat' dir='ltr'>tenuit.</span> <span class='ocrx_word' id='word_1_128' title='bbox 775 2092 870 2178; x_wconf 87' lang='lat' dir='ltr'>Quae</span> <span class='ocrx_word' id='word_1_129' title='bbox 894 2091 946 2159; x_wconf 86' lang='lat' dir='ltr'>vel</span> <span class='ocrx_word' id='word_1_130' title='bbox 974 2091 1092 2179; x_wconf 81' lang='lat' dir='ltr'>dogma</span> <span class='ocrx_word' id='word_1_131' title='bbox 1112 2089 1283 2158; x_wconf 89' lang='lat' dir='ltr'>continent</span> <span class='ocrx_word' id='word_1_132' title='bbox 1304 2088 1352 2156; x_wconf 86' lang='lat' dir='ltr'>vel</span> <span class='ocrx_word' id='word_1_133' title='bbox 1376 2109 1455 2176; x_wconf 86' lang='lat' dir='ltr'>prae-</span> 
     </span>
     <span class='ocr_line' id='line_1_17' title="bbox 467 2205 1456 2299; baseline -0.002 -27"><span class='ocrx_word' id='word_1_134' title='bbox 467 2223 624 2294; x_wconf 86' lang='lat' dir='ltr'>ceptum,</span> <span class='ocrx_word' id='word_1_135' title='bbox 652 2233 691 2276; x_wconf 87' lang='lat' dir='ltr'>eo</span> <span class='ocrx_word' id='word_1_136' title='bbox 722 2209 882 2296; x_wconf 81' lang='lat' dir='ltr'>explicuit</span> <span class='ocrx_word' id='word_1_137' title='bbox 910 2207 1179 2299; x_wconf 82' lang='lat' dir='ltr'>religiosissime3</span> <span class='ocrx_word' id='word_1_138' title='bbox 1210 2207 1246 2276; x_wconf 90' lang='lat' dir='ltr'>in</span> <span class='ocrx_word' id='word_1_139' title='bbox 1268 2205 1363 2290; x_wconf 84' lang='lat' dir='ltr'>aliis,</span> <span class='ocrx_word' id='word_1_140' title='bbox 1388 2225 1456 2293; x_wconf 88' lang='lat' dir='ltr'>quae</span> 
     </span>
     <span class='ocr_line' id='line_1_18' title="bbox 469 2315 1459 2417; baseline -0.008 -28"><span class='ocrx_word' id='word_1_141' title='bbox 469 2345 533 2390; x_wconf 88' lang='lat' dir='ltr'>non</span> <span class='ocrx_word' id='word_1_142' title='bbox 554 2322 700 2417; x_wconf 77' lang='lat' dir='ltr'>ejusdem</span> <span class='ocrx_word' id='word_1_143' title='bbox 723 2323 882 2391; x_wconf 90' lang='lat' dir='ltr'>momenti</span> <span class='ocrx_word' id='word_1_144' title='bbox 906 2339 983 2390; x_wconf 90' lang='lat' dir='ltr'>sunt</span> <span class='ocrx_word' id='word_1_145' title='bbox 1006 2345 1044 2390; x_wconf 85' lang='lat' dir='ltr'>ac</span> <span class='ocrx_word' id='word_1_146' title='bbox 1066 2320 1240 2413; x_wconf 89' lang='lat' dir='ltr'>ponderis,</span> <span class='ocrx_word' id='word_1_147' title='bbox 1260 2319 1342 2389; x_wconf 87' lang='lat' dir='ltr'>satis</span> <span class='ocrx_word' id='word_1_148' title='bbox 1365 2315 1459 2385; x_wconf 73' lang='lat' dir='ltr'>halim</span> 
     </span>
    </p>

    <p class='ocr_par' dir='ltr' id='par_1_3' title="bbox 407 2434 1463 3002">
     <span class='ocr_line' id='line_1_19' title="bbox 407 2434 1461 2529; baseline -0.008 -23"><span class='ocrx_word' id='word_1_149' title='bbox 407 2521 408 2524; x_wconf 8' lang='grc' dir='ltr'><strong>Ἴ</strong></span> <span class='ocrx_word' id='word_1_150' title='bbox 470 2462 600 2506; x_wconf 80' lang='lat' dir='ltr'>serrare</span> <span class='ocrx_word' id='word_1_151' title='bbox 636 2437 857 2529; x_wconf 73' lang='lat' dir='ltr'>integritatem</span> <span class='ocrx_word' id='word_1_152' title='bbox 890 2435 1103 2506; x_wconf 84' lang='lat' dir='ltr'>sententiae.</span> <span class='ocrx_word' id='word_1_153' title='bbox 1137 2434 1278 2504; x_wconf 83' lang='lat' dir='ltr'>Addidit</span> <span class='ocrx_word' id='word_1_154' title='bbox 1314 2447 1461 2524; x_wconf 70' lang='lat' dir='ltr'>praetereo</span> 
     </span>
     <span class='ocr_line' id='line_1_20' title="bbox 470 2543 1460 2638; baseline -0.01 -18"><span class='ocrx_word' id='word_1_155' title='bbox 470 2550 648 2638; x_wconf 82' lang='lat' dir='ltr'>onolysirr,</span> <span class='ocrx_word' id='word_1_156' title='bbox 664 2551 987 2634; x_wconf 83' lang='lat' dir='ltr'>animadversiones,</span> <span class='ocrx_word' id='word_1_157' title='bbox 1007 2549 1258 2633; x_wconf 85' lang='lat' dir='ltr'>annotationes,</span> <span class='ocrx_word' id='word_1_158' title='bbox 1277 2543 1460 2617; x_wconf 84' lang='lat' dir='ltr'>dissertatio·</span> 
     </span>
     <span class='ocr_line' id='line_1_21' title="bbox 473 2658 1462 2756; baseline -0.012 -20"><span class='ocrx_word' id='word_1_159' title='bbox 473 2689 551 2736; x_wconf 83' lang='lat' dir='ltr'>tres.</span> <span class='ocrx_word' id='word_1_160' title='bbox 572 2669 609 2737; x_wconf 91' lang='lat' dir='ltr'>In</span> <span class='ocrx_word' id='word_1_161' title='bbox 641 2667 693 2735; x_wconf 87' lang='lat' dir='ltr'>lris</span> <span class='ocrx_word' id='word_1_162' title='bbox 721 2667 761 2734; x_wconf 88' lang='lat' dir='ltr'>de</span> <span class='ocrx_word' id='word_1_163' title='bbox 789 2667 886 2734; x_wconf 90' lang='lat' dir='ltr'>rebus</span> <span class='ocrx_word' id='word_1_164' title='bbox 905 2665 1109 2756; x_wconf 80' lang='lat' dir='ltr'>gravissimis</span> <span class='ocrx_word' id='word_1_165' title='bbox 1129 2664 1249 2755; x_wconf 80' lang='lat' dir='ltr'>agitet</span> <span class='ocrx_word' id='word_1_166' title='bbox 1275 2658 1462 2740; x_wconf 82' lang='lat' dir='ltr'>utilissimis,</span> 
     </span>
     <span class='ocr_line' id='line_1_22' title="bbox 474 2772 1463 2872; baseline -0.014 -22"><span class='ocrx_word' id='word_1_167' title='bbox 474 2781 598 2872; x_wconf 84' lang='lat' dir='ltr'>quibus</span> <span class='ocrx_word' id='word_1_168' title='bbox 612 2781 727 2872; x_wconf 84' lang='lat' dir='ltr'>religio</span> <span class='ocrx_word' id='word_1_169' title='bbox 746 2805 822 2850; x_wconf 81' lang='lat' dir='ltr'>rere</span> <span class='ocrx_word' id='word_1_170' title='bbox 842 2781 1039 2866; x_wconf 85' lang='lat' dir='ltr'>continetur.</span> <span class='ocrx_word' id='word_1_171' title='bbox 1059 2781 1150 2848; x_wconf 86' lang='lat' dir='ltr'>Haec</span> <span class='ocrx_word' id='word_1_172' title='bbox 1166 2794 1276 2846; x_wconf 87' lang='lat' dir='ltr'>autern</span> <span class='ocrx_word' id='word_1_173' title='bbox 1299 2772 1463 2869; x_wconf 82' lang='lat' dir='ltr'>praeferunt</span> 
     </span>
     <span class='ocr_line' id='line_1_23' title="bbox 474 2890 1462 3002; baseline -0.01 -34"><span class='ocrx_word' id='word_1_174' title='bbox 474 2899 509 2968; x_wconf 89' lang='lat' dir='ltr'>in</span> <span class='ocrx_word' id='word_1_175' title='bbox 534 2900 640 3002; x_wconf 82' lang='lat' dir='ltr'>fronte</span> <span class='ocrx_word' id='word_1_176' title='bbox 660 2927 779 2970; x_wconf 88' lang='lat' dir='ltr'>nomen</span> <span class='ocrx_word' id='word_1_177' title='bbox 800 2900 1030 2970; x_wconf 87' lang='lat' dir='ltr'>litteratissimi</span> <span class='ocrx_word' id='word_1_178' title='bbox 1050 2916 1090 2991; x_wconf 88' lang='lat' dir='ltr'>et</span> <span class='ocrx_word' id='word_1_179' title='bbox 1108 2895 1364 2967; x_wconf 83' lang='lat' dir='ltr'>eminentissimi</span> <span class='ocrx_word' id='word_1_180' title='bbox 1389 2890 1462 2981; x_wconf 88' lang='lat' dir='ltr'>priu-</span> 
     </span>
    </p>

    <p class='ocr_par' dir='ltr' id='par_1_4' title="bbox 476 3013 1464 3223">
     <span class='ocr_line' id='line_1_24' title="bbox 477 3013 1464 3110; baseline -0.014 -22"><span class='ocrx_word' id='word_1_181' title='bbox 477 3019 561 3108; x_wconf 91' lang='lat' dir='ltr'>cipis</span> <span class='ocrx_word' id='word_1_182' title='bbox 588 3021 725 3108; x_wconf 84' lang='lat' dir='ltr'>Joseplri</span> <span class='ocrx_word' id='word_1_183' title='bbox 744 3013 921 3090; x_wconf 83' lang='lat' dir='ltr'>cardinalis</span> <span class='ocrx_word' id='word_1_184' title='bbox 939 3019 1113 3110; x_wconf 86' lang='lat' dir='ltr'>Garampii</span> <span class='ocrx_word' id='word_1_185' title='bbox 1133 3017 1260 3088; x_wconf 86' lang='lat' dir='ltr'>Montis</span> <span class='ocrx_word' id='word_1_186' title='bbox 1283 3013 1464 3086; x_wconf 82' lang='lat' dir='ltr'>Faliscorum</span> 
     </span>
     <span class='ocr_line' id='line_1_25' title="bbox 476 3133 643 3223; baseline -0.006 -21"><span class='ocrx_word' id='word_1_187' title='bbox 476 3133 643 3223; x_wconf 84' lang='lat' dir='ltr'>episcopi.</span> 
     </span>
    </p>

    <p class='ocr_par' dir='ltr' id='par_1_5' title="bbox 482 3245 1469 3573">
     <span class='ocr_line' id='line_1_26' title="bbox 498 3245 1467 3343; baseline -0.014 -23"><span class='ocrx_word' id='word_1_188' title='bbox 498 3289 508 3312; x_wconf 78' lang='grc' dir='ltr'>ι</span> <span class='ocrx_word' id='word_1_189' title='bbox 525 3253 691 3320; x_wconf 86' lang='lat' dir='ltr'>Hactenus</span> <span class='ocrx_word' id='word_1_190' title='bbox 712 3253 751 3322; x_wconf 90' lang='lat' dir='ltr'>dc</span> <span class='ocrx_word' id='word_1_191' title='bbox 772 3252 861 3322; x_wconf 89' lang='lat' dir='ltr'>illius</span> <span class='ocrx_word' id='word_1_192' title='bbox 881 3252 1032 3342; x_wconf 85' lang='lat' dir='ltr'>operibus</span> <span class='ocrx_word' id='word_1_193' title='bbox 1053 3248 1292 3343; x_wconf 86' lang='lat' dir='ltr'>pcrtinentibus</span> <span class='ocrx_word' id='word_1_194' title='bbox 1316 3245 1357 3316; x_wconf 88' lang='lat' dir='ltr'>ad</span> <span class='ocrx_word' id='word_1_195' title='bbox 1378 3264 1467 3311; x_wconf 86' lang='lat' dir='ltr'>sacra.</span> 
     </span>
     <span class='ocr_line' id='line_1_27' title="bbox 482 3365 1466 3458; baseline -0.015 -23"><span class='ocrx_word' id='word_1_196' title='bbox 482 3365 579 3435; x_wconf 83' lang='lat' dir='ltr'>Nune</span> <span class='ocrx_word' id='word_1_197' title='bbox 600 3367 640 3434; x_wconf 88' lang='lat' dir='ltr'>ad</span> <span class='ocrx_word' id='word_1_198' title='bbox 661 3367 746 3453; x_wconf 84' lang='lat' dir='ltr'>ulio,</span> <span class='ocrx_word' id='word_1_199' title='bbox 766 3393 848 3456; x_wconf 79' lang='lat' dir='ltr'>rprac</span> <span class='ocrx_word' id='word_1_200' title='bbox 872 3368 1025 3458; x_wconf 87' lang='lat' dir='ltr'>reliquit,</span> <span class='ocrx_word' id='word_1_201' title='bbox 1044 3366 1237 3436; x_wconf 86' lang='lat' dir='ltr'>eruditionis</span> <span class='ocrx_word' id='word_1_202' title='bbox 1265 3386 1344 3432; x_wconf 90' lang='lat' dir='ltr'>suae</span> <span class='ocrx_word' id='word_1_203' title='bbox 1370 3378 1466 3426; x_wconf 93' lang='lat' dir='ltr'>monu-</span> 
     </span>
     <span class='ocr_line' id='line_1_28' title="bbox 482 3468 1469 3573; baseline -0.017 -23"><span class='ocrx_word' id='word_1_204' title='bbox 482 3497 613 3550; x_wconf 84' lang='lat' dir='ltr'>menta.</span> <span class='ocrx_word' id='word_1_205' title='bbox 637 3485 752 3572; x_wconf 80' lang='lat' dir='ltr'>Itaque</span> <span class='ocrx_word' id='word_1_206' title='bbox 771 3483 1051 3573; x_wconf 81' lang='lat' dir='ltr'>interpretandum</span> <span class='ocrx_word' id='word_1_207' title='bbox 1077 3482 1226 3572; x_wconf 75' lang='lat' dir='ltr'>‘suscepit</span> <span class='ocrx_word' id='word_1_208' title='bbox 1247 3476 1380 3550; x_wconf 86' lang='lat' dir='ltr'>Homeri</span> <span class='ocrx_word' id='word_1_209' title='bbox 1404 3468 1469 3539; x_wconf 86' lang='lat' dir='ltr'>Ilia-</span> 
     </span>
    </p>
   </div>
   <div class='ocr_carea' id='block_1_3' title="bbox 484 3586 1475 4046">
    <p class='ocr_par' dir='ltr' id='par_1_6' title="bbox 484 3586 1475 4046">
     <span class='ocr_line' id='line_1_29' title="bbox 485 3586 1471 3691; baseline -0.025 -16"><span class='ocrx_word' id='word_1_210' title='bbox 485 3601 583 3686; x_wconf 78' lang='lat' dir='ltr'>dem,</span> <span class='ocrx_word' id='word_1_211' title='bbox 611 3626 748 3691; x_wconf 74' lang='lat' dir='ltr'>eamque</span> <span class='ocrx_word' id='word_1_212' title='bbox 780 3605 952 3673; x_wconf 85' lang='lat' dir='ltr'>vernaculo</span> <span class='ocrx_word' id='word_1_213' title='bbox 978 3625 1129 3672; x_wconf 89' lang='lat' dir='ltr'>sermone</span> <span class='ocrx_word' id='word_1_214' title='bbox 1156 3600 1340 3690; x_wconf 83' lang='lat' dir='ltr'>expositam</span> <span class='ocrx_word' id='word_1_215' title='bbox 1367 3592 1409 3660; x_wconf 85' lang='lat' dir='ltr'>ito</span> <span class='ocrx_word' id='word_1_216' title='bbox 1429 3586 1471 3652; x_wconf 89' lang='lat' dir='ltr'>in-</span> 
     </span>
     <span class='ocr_line' id='line_1_30' title="bbox 487 3699 1473 3806; baseline -0.014 -20"><span class='ocrx_word' id='word_1_217' title='bbox 487 3718 617 3806; x_wconf 82' lang='lat' dir='ltr'>scripsit</span> <span class='ocrx_word' id='word_1_218' title='bbox 632 3745 639 3785; x_wconf 92' lang='lat'>:</span> <span class='ocrx_word' id='word_1_219' title='bbox 657 3719 787 3788; x_wconf 80' lang='lat' dir='ltr'>¹Orrrero</span> <span class='ocrx_word' id='word_1_220' title='bbox 815 3717 851 3787; x_wconf 84' lang='lat' dir='ltr'>in</span> <span class='ocrx_word' id='word_1_221' title='bbox 877 3699 1105 3788; x_wconf 77' lang='lat' dir='ltr'>Lorrrbordr&#39;o.</span> <span class='ocrx_word' id='word_1_222' title='bbox 1135 3713 1320 3805; x_wconf 85' lang='lat' dir='ltr'>Separatim</span> <span class='ocrx_word' id='word_1_223' title='bbox 1349 3705 1473 3799; x_wconf 80' lang='lat' dir='ltr'>primum</span> 
     </span>
     <span class='ocr_line' id='line_1_31' title="bbox 484 3831 1474 3940; baseline -0.029 -28"><span class='ocrx_word' id='word_1_224' title='bbox 484 3839 592 3911; x_wconf 80' lang='lat' dir='ltr'>edidit</span> <span class='ocrx_word' id='word_1_225' title='bbox 621 3840 744 3931; x_wconf 84' lang='lat' dir='ltr'>priores</span> <span class='ocrx_word' id='word_1_226' title='bbox 773 3839 945 3908; x_wconf 90' lang='lat' dir='ltr'>duodecim</span> <span class='ocrx_word' id='word_1_227' title='bbox 975 3837 1045 3931; x_wconf 81' lang='lat' dir='ltr'>ejus</span> <span class='ocrx_word' id='word_1_228' title='bbox 1072 3835 1195 3918; x_wconf 84' lang='lat' dir='ltr'>libros3</span> <span class='ocrx_word' id='word_1_229' title='bbox 1218 3831 1350 3901; x_wconf 90' lang='lat' dir='ltr'>eosdem</span> <span class='ocrx_word' id='word_1_230' title='bbox 1377 3835 1474 3940; x_wconf 75' lang='lat' dir='ltr'>posteo</span> 
     </span>
     <span class='ocr_line' id='line_1_32' title="bbox 488 3945 1475 4046; baseline -0.019 -19"><span class='ocrx_word' id='word_1_231' title='bbox 488 3955 693 4046; x_wconf 81' lang='lat' dir='ltr'>recognitos,</span> <span class='ocrx_word' id='word_1_232' title='bbox 717 3953 811 4026; x_wconf 86' lang='lat' dir='ltr'>etad</span> <span class='ocrx_word' id='word_1_233' title='bbox 833 3951 1002 4025; x_wconf 90' lang='lat' dir='ltr'>meliorem</span> <span class='ocrx_word' id='word_1_234' title='bbox 1023 3948 1164 4020; x_wconf 83' lang='lat' dir='ltr'>formam</span> <span class='ocrx_word' id='word_1_235' title='bbox 1192 3945 1363 4026; x_wconf 84' lang='lat' dir='ltr'>redactos,</span> <span class='ocrx_word' id='word_1_236' title='bbox 1383 3951 1475 4027; x_wconf 82' lang='lat' dir='ltr'>quau·</span> 
     </span>
    </p>
   </div>
   <div class='ocr_carea' id='block_1_4' title="bbox 0 0 1653 4959">
    <p class='ocr_par' dir='ltr' id='par_1_7' title="bbox 0 0 1653 4959">
     <span class='ocr_line' id='line_1_33' title="bbox 0 0 1653 4959; baseline 0 0"><span class='ocrx_word' id='word_1_237' title='bbox 0 0 1653 4959; x_wconf 95' lang='lat' dir='ltr'> </span> 
     </span>
    </p>
   </div>
  </div>
 </body>
</html>
