3259 4959
395 456 490 537 tubat
509 456 525 545 s
542 454 590 525 sic
610 456 651 526 de
670 458 857 529 Grrscenro
876 453 985 543 idem,
1004 454 1045 526 de
1064 480 1129 549 qno
1149 474 1267 545 antea,
1285 458 1321 529 ln
1349 484 1409 541 sua¹

396 570 538 675 guadetn
558 570 718 661 epistola,
737 571 926 640 Jacobettus
941 572 959 663 )
975 600 995 637 e
1017 573 1211 663 AEgrotabat
1223 578 1237 669 (
1249 576 1409 669 inquit‚)

394 718 415 756 n
437 689 495 758 ille
521 691 663 777 leviter,
690 689 738 759 ita
767 704 877 759 tamen
901 707 938 767 ut
965 690 1195 782 decumberet,
1215 718 1322 789 neque
1347 720 1411 788 per

291 849 296 859 =
393 837 414 875 n
436 806 614 881 {amulone
639 808 790 879 cubiculo
808 825 937 899 pateret
954 809 1120 902 ingressus
1144 814 1279 906 cuique.
1299 817 1407 885 Acce,

394 958 415 995 n
437 928 569 999 dentem
589 953 663 1014 me,
682 927 874 1020 jussumque
900 929 1062 1001 introduci
1092 932 1234 1025 benigne
1261 934 1405 1005 interm-r

392 1090 413 1128 n
440 1072 511 1151 gatg
527 1046 645 1140 ecquid
661 1068 696 1112 se
715 1058 876 1112 convento
893 1067 976 1135 opus
994 1043 1078 1115 mihi
1098 1063 1184 1117 esset
1201 1078 1219 1112 n
1235 1049 1305 1118 ?Et
1316 1048 1409 1139 paul·

393 1204 414 1247 n
435 1176 469 1245 lo
488 1184 562 1264 post
574 1194 582 1235 :
596 1170 835 1256 Expectantem
855 1184 930 1249 mo,
942 1181 979 1233 ut
1002 1164 1203 1249 dimitteret,
1219 1162 1347 1237 detinet
1360 1182 1410 1237 tu,

391 1330 413 1367 n
435 1317 534 1365 men:
553 1300 826 1379 percontaturque
846 1283 887 1354 de
906 1284 1113 1372 seminario,
1131 1285 1174 1355 de
1193 1284 1336 1373 scholis,
1363 1286 1408 1359 de

392 1441 414 1479 n
435 1403 579 1499 ingeniis
599 1398 832 1495 pollicentibus
852 1398 893 1468 dc
916 1422 951 1469 se
971 1399 1117 1492 aliquid,
1136 1400 1243 1492 deque
1261 1424 1409 1493 praesen

392 1558 412 1595 η
435 1524 496 1591 tim
516 1536 583 1591 tota
612 1516 739 1587 ratione
767 1511 947 1599 rhetoricae
967 1514 1155 1607 provinciae
1172 1538 1267 1602 mene
1291 1515 1346 1615 (r)
1364 1545 1407 1601 o,

394 1642 486 1711 Hunc
504 1630 715 1703 Jacobettus.
1315 1652 1318 1657 ’

438 1746 626 1820 Videbatur
649 1740 715 1810 sibi
734 1739 977 1830 quodammodo
1007 1742 1234 1813 convalescere
1262 1746 1404 1815 Burrus,

393 1893 498 1944 orcus
515 1888 589 1935 cum
608 1862 796 1951 loqueretur
814 1858 856 1927 de
873 1858 1078 1930 Seminane.
1098 1861 1284 1931 Seminario
1301 1862 1410 1933 omni,

392 2008 436 2054 no
455 1979 584 2051 deditus
604 1989 691 2059 erat,
710 1972 846 2066 ejusque
865 1974 1053 2065 magistris.
1072 1977 1198 2045 Horum
1215 2001 1317 2046 unum
1346 1975 1409 2048 doz

393 2102 462 2173 cuit
480 2100 626 2191 linguam
647 2092 935 2185 graecam,adhuo
953 2118 972 2164 a
987 2094 1104 2167 morbo
1121 2118 1235 2165 recens
1246 2095 1300 2186 (2)
1311 2147 1319 2163 .
1330 2098 1410 2164 Eos·

394 2218 471 2287 dem
495 2213 599 2286 serius
618 2211 728 2295 ocius,
753 2232 814 2299 pro
836 2208 905 2278 suis
923 2233 1088 2302 quemque
1115 2209 1264 2295 meritis,
1287 2206 1416 2280 officio.-

393 2332 452 2403 bat
478 2328 625 2421 proemio
645 2328 719 2417 (3).
750 2324 870 2415 Neque
901 2348 973 2393 roro
1003 2323 1109 2415 ipsos,
1138 2324 1197 2394 ubi
1220 2324 1407 2393 auimamm
1472 2386 1479 2400 ,

394 2472 471 2513 curu
500 2458 666 2533 ageretur,
691 2438 734 2506 iis
762 2437 988 2526 praeferebat,
1016 2438 1135 2529 quibus
1162 2438 1198 2505 in
1226 2436 1407 2529 episcopali

392 2538 475 2629 dede
494 2555 702 2627 familiariter
719 2553 892 2636 utebatur,
907 2555 985 2622 licet
1003 2572 1114 2623 essem
1126 2554 1190 2621 uiri
1206 2553 1344 2640 eximii3
1363 2576 1408 2639 ez

394 2676 437 2743 iis
456 2671 512 2763 qui
532 2668 643 2759 digni,
663 2686 794 2753 sempor
814 2665 959 2754 eligens,
979 2665 1035 2754 qui
1055 2664 1242 2754 dignissimi
1267 2666 1341 2757 (4).
1434 2751 1437 2757 ¹

439 2796 479 2861 In
499 2786 651 2859 omnibus
671 2782 793 2853 iisdem
814 2781 927 2852 aderat
946 2780 1190 2873 indigentibus.
1215 2784 1319 2874 Large
1348 2804 1409 2873 pc,

393 2905 489 2978 cunia
520 2926 576 2969 eos
605 2895 804 2991 adjuvabat,
824 2894 923 2963 modo
942 2910 978 2964 ut
1001 2917 1128 2962 sorores
1146 2917 1220 2963 suas
1253 2894 1329 2963 dote
1348 2920 1409 2962 uu.

394 3036 463 3087 etas
482 3014 534 3083 sel
553 3014 742 3081 addicerent
761 3008 862 3076 sacris
880 3006 1051 3095 claustris,
1068 3007 1122 3101 uel
1137 3008 1331 3079 collocarent
1350 3006 1409 3081 luo·,

393 3120 504 3219 ueste,
532 3133 586 3199 scl
614 3128 765 3220 bormias
794 3124 959 3195 traderent
986 3122 1225 3211 instituendas3
1254 3124 1410 3199 modoet

394 3252 540 3345 locarent
559 3274 635 3333 suos
654 3263 805 3341 parentes
826 3244 938 3314 alieno
956 3266 1051 3312 uere.
1070 3240 1139 3317 Ubi
1158 3258 1267 3317 autem
1296 3264 1410 3325 eorum

734 3452 1064 3495 mmmmmmmm

437 3632 488 3711 (ι)
509 3632 620 3715 Opusc.
641 3648 708 3711 pag.
728 3628 797 3711 273.

438 3740 489 3817 (ι)
510 3738 578 3797 Act.
595 3734 697 3795 Beatif.
719 3733 762 3793 T.
783 3732 824 3792 11.
845 3732 985 3793 Summas.
1005 3748 1073 3811 pag.
1094 3730 1163 3812 287,

438 3846 489 3923 (5)
510 3840 586 3903 lbid.
608 3844 650 3902 Τ.
674 3842 727 3904 lV.
747 3840 886 3902 Summur.
908 3858 971 3917 pag.
992 3835 1061 3917 295.

440 3946 491 4047 (4)
512 3942 588 4021 ibid.
605 3944 651 4007 -T.
670 3944 708 4005 11.
726 3943 864 4011 Summer-
883 3958 949 4023 pag.
970 3957 1040 4021 argt
