3259 4959
600 314 742 367 rossum
759 308 876 366 rtsrru
1172 298 1239 393 159

250 438 489 537 Oputbiennio
506 435 693 509 absolutum
707 452 774 507 est.
787 436 931 523 Saxum,
942 436 1067 528 inquit,
1076 454 1137 530 per
1147 436 1239 509 bien·

216 563 311 637 bium
329 557 510 632 evolvimus
519 544 670 651 infundo
689 552 805 626 labore
816 554 1000 649 (r).Quod
1019 548 1239 629 admiratione

217 695 417 751 truncaret.
437 676 512 751 Scio
531 665 687 770 equidem
711 674 825 767 quaeri
844 676 972 764 solere,
990 700 1057 747 non
1075 700 1175 769 quam
1194 677 1242 748 ci-

219 804 254 867 to
272 798 345 890 quis
363 786 557 889 scripserit,
576 794 636 867 sed
663 818 764 887 quum
781 783 887 865 bene:
918 793 950 865 ei
970 798 1083 865 lamen
1110 792 1167 885 qui
1186 818 1241 863 rea

219 930 271 981 cte
290 908 479 1003 scripserit,
495 909 585 980 laudi
599 910 673 1003 ipsa
689 909 791 979 etiarn
808 900 976 980 scribendi
991 907 1145 980 celeritas
1155 910 1240 979 verti

220 1024 339 1110 debet,
358 1024 553 1117 praesertim
574 1020 609 1091 in
628 1024 691 1093 hoc
710 1023 892 1093 studiorum
911 1046 1051 1114 genere,
1070 1021 1105 1091 in
1125 1046 1191 1114 quo
1208 1048 1245 1093 o-

221 1156 331 1233 portet
348 1130 454 1209 mnlta
473 1133 628 1228 colligere
641 1152 674 1205 et
693 1138 844 1208 ordinate
855 1156 1073 1229 componere,
1084 1138 1244 1228 interpre-

221 1257 307 1341 tari,
327 1253 535 1347 expendere,
553 1252 707 1323 delinire.
736 1254 815 1323 Post
832 1252 1007 1324 biennium
1036 1271 1170 1341 tamen,
1192 1255 1243 1325 uti

220 1374 384 1460 diximus,
400 1398 482 1465 opus
502 1362 645 1464 prodiit,
656 1390 741 1441 anno
761 1364 891 1443 scilicet
912 1362 1245 1465 1731,CaroloEm·

219 1487 367 1559 manueli
387 1480 561 1559 Sardiniae
575 1486 644 1579 regi
658 1486 803 1557 dicatum
814 1502 870 1575 ,et
878 1503 988 1556 rursus
1002 1480 1130 1555 ibidem
1149 1502 1244 1575 post,

222 1601 459 1693 amplificatum
479 1616 514 1671 et
533 1618 686 1688 auctum,
715 1608 806 1671 tanto
835 1615 996 1672 consensu
1015 1616 1050 1671 ct
1079 1599 1244 1693 approba-

224 1715 340 1803 tione,
360 1731 396 1785 ut
415 1708 541 1785 editum
562 1716 665 1786 etiarn
684 1716 766 1787 alibi
786 1716 919 1808 saepius
938 1715 1057 1787 fuerit.-

264 1834 385 1905 Dicant
399 1842 489 1904 nunc
509 1836 550 1905 de
569 1824 739 1907 codicibus
758 1852 838 1907 tuss.
859 1836 942 1927 regii
972 1826 1176 1906 taurinensis
1206 1861 1244 1911 a.

221 1946 353 2019 theriaci
372 1946 621 2037 bibliothecae,
640 1938 694 2021 cui
714 1950 804 2020 idern
823 1951 962 2019 Pasinus
981 1944 1152 2040 praeerat.
1171 1952 1242 2021 Hos

221 2060 349 2133 duobus
377 2064 506 2153 magnis
534 2062 760 2132 voluminibus
783 2051 1040 2152 comprehensos
1067 2062 1246 2154 diligenter

223 2176 453 2259 recensuit,ei
470 2176 608 2243 eruditis
629 2165 971 2243 animadversionibus
983 2176 1160 2243 illustravit
1166 2204 1177 2262 3
1189 2189 1248 2243 un·

224 2288 267 2357 de
283 2286 508 2355 bibliothecae
538 2285 603 2376 ipsi
623 2285 807 2377 splendoris
825 2286 942 2379 ingens
964 2301 1000 2357 et
1024 2283 1248 2356 existimatio-

224 2403 277 2471 nis
295 2402 458 2474 accessio.
479 2404 557 2475 Non
587 2416 645 2494 per
673 2403 795 2473 classes
823 2394 994 2478 distribuit
1011 2402 1164 2487 codices,
1186 2400 1248 2473 sed

222 2532 283 2608 per
300 2516 430 2608 linguas
441 2566 452 2603 ,
464 2534 507 2588 ne
525 2512 675 2587 ordinem
694 2516 874 2587 inverteret
891 2542 911 2585 a
929 2518 998 2586 suis
1017 2513 1246 2587 decessoribus

222 2620 459 2701 constitutum.
480 2626 638 2703 chraici
658 2647 694 2701 et
720 2630 830 2724 graeci
860 2624 994 2725 prim03
1012 2627 1131 2717 latini,
1149 2629 1247 2720 itali,

223 2762 257 2817 et
276 2750 387 2841 gallici
407 2750 509 2821 altero
529 2751 738 2821 continentur
755 2752 945 2839 volumine,
963 2750 1084 2847 quibus
1101 2748 1244 2821 inseruit

183 2878 185 2881 ·
223 2862 345 2933 selecta
359 2865 522 2957 quaedam
536 2850 713 2958 opuscula,
723 2883 809 2957 quse
825 2862 958 2935 furerent
971 2862 1119 2933 nondum
1136 2863 1247 2936 edita.

271 2979 343 3052 Vix
360 2982 428 3052 dici
447 2994 573 3074 potest,
586 2996 686 3075 quant
705 2998 835 3075 gratum
850 2981 953 3053 fuerit
966 2982 1038 3075 regi
1055 2994 1249 3074 susceptum

224 3089 268 3162 ab
286 3110 326 3162 eu
343 3094 519 3165 cottsiliuru
538 3095 695 3188 vulgandi
713 3096 775 3171 hos
794 3096 950 3177 codices.
970 3095 1039 3172 Ubi
1058 3097 1122 3167 boc
1145 3094 1249 3167 iret·

224 3202 308 3275 lesit
325 3207 403 3293 illc,
422 3205 536 3279 statim
555 3208 599 3281 de
619 3210 746 3281 mtioue
771 3208 985 3303 suscipiendi
1003 3210 1114 3303 operis
1138 3209 1249 3283 cudo-

225 3321 295 3392 sius
328 3326 512 3417 inquirere3
540 3352 619 3399 mcx
637 3332 863 3421 percunctari,
882 3329 1017 3423 quando
1034 3327 1185 3401 tamdem
1203 3326 1250 3403 ad

227 3441 354 3511 exitum
374 3444 508 3535 perduci
528 3465 640 3537 posset
657 3450 850 3541 inceptum.
870 3449 928 3522 sie
946 3474 1027 3519 eum
1056 3447 1247 3538 excitabat,
1280 3534 1283 3541 Ι

226 3559 343 3632 solitus
361 3560 492 3647 dicere,
511 3564 564 3655 agi
583 3564 620 3633 in
645 3564 709 3637 hoo
738 3567 781 3645 da
809 3589 845 3637 re
864 3592 943 3641 sua.
963 3569 1102 3647 tainus
1131 3568 1248 3641 omnis

227 3670 406 3767 periclilari
415 3732 427 3767 ,
444 3681 581 3774 cupiens
600 3706 672 3757 rem
691 3686 810 3779 optimi
829 3688 916 3782 regis
939 3712 984 3761 ex
1001 3704 1077 3761 toto
1100 3688 1247 3771 codena

564 3856 894 3891 mmmm
1216 3814 1229 3825 '¹

269 3953 320 4035 (ι)
341 3954 375 4017 hs
392 3955 513 4041 praelat.
533 3958 665 4028 edidero
682 3964 842 4032 beritum.
