3259 4959
773 606 776 611 -
857 556 1016 629 VITA
1074 611 1076 614 -

472 798 576 906 JO.
615 796 656 901 F
659 792 981 905 nANCrsffl
1017 788 1393 897 BARBADICI

792 1028 1067 1101 eunomius

476 1704 585 1851 Inter
601 1779 743 1853 eximios
763 1779 873 1863 viros,
892 1777 948 1869 qui
969 1776 1156 1849 Seminario
1173 1776 1250 1849 hnic
1272 1802 1445 1849 ornamen-

435 1914 469 1967 to
489 1896 595 1981 suere,
607 1893 790 1985 principem
810 1892 918 1961 locum
940 1906 1049 1961 tencre
1069 1892 1168 1962 debet
1186 1894 1441 1965 JoannesFran-

430 2016 536 2085 ciscus
554 2012 753 2083 Barbadicus
777 2014 813 2081 B.
834 2010 1001 2101 Gregorii,
1021 2010 1102 2079 olim
1122 2012 1351 2080 Patavinorum
1373 2014 1447 2104 cpi-

430 2133 545 2227 scopi,
564 2130 671 2200 fratris
693 2132 793 2200 filius.
814 2134 847 2199 Is
870 2130 960 2203 enim
979 2129 1042 2202 hoo
1060 2131 1134 2221 ipso
1153 2131 1187 2200 in
1204 2131 1276 2200 loco
1295 2155 1314 2199 a
1334 2133 1444 2222 prima

431 2265 539 2319 aetate
553 2247 659 2337 patrui
677 2245 726 2314 sui
744 2246 961 2315 sanctissimis
977 2244 1105 2337 legibus
1117 2244 1283 2313 institutus
1298 2242 1361 2314 fuir
1377 2247 1446 2339 (r),

432 2386 471 2431 ao
491 2362 568 2431 licet
592 2360 723 2449 scripris
751 2359 850 2428 aditis
870 2384 934 2426 non
955 2358 1127 2442 claruerit,
1147 2358 1222 2427 aliis
1242 2373 1351 2426 tamen
1369 2358 1445 2427 lan-

432 2473 529 2543 dibus
557 2497 654 2563 supra
673 2488 797 2541 cataros
822 2471 917 2561 longe
942 2472 1103 2557 eminuit3
1126 2471 1212 2538 unde
1232 2492 1387 2560 magnum
1407 2494 1447 2540 ao

431 2615 562 2684 prorsus
582 2614 701 2657 novam
722 2613 763 2677 pa
771 2588 881 2659 tarino
900 2588 1085 2659 Scnrinario
1105 2589 1204 2657 decus
1224 2588 1368 2658 accedit.
1390 2591 1443 2658 Do

434 2726 474 2773 eo
493 2703 592 2796 igitur
611 2726 696 2771 nunc
720 2702 884 2771 breviter.
904 2702 976 2772 Erit
994 2702 1030 2771 id
1058 2702 1206 2773 debitum
1232 2704 1313 2794 grati
1342 2700 1446 2772 animi

436 2816 662 2887 testimonium
684 2817 718 2884 in
737 2840 812 2886 eum
823 2870 833 2903 ,
850 2816 902 2888 cni
922 2817 1145 2889 Seminarium
1166 2818 1276 2910 ipsum
1294 2836 1446 2889 scrotum

434 2932 569 3001 omniuo
590 2931 709 2999 debet.

478 3042 622 3110 Joannss
641 3044 667 3109 F
669 3040 833 3109 ranciscns
853 3040 1058 3112 Barbadicus
1077 3045 1129 3114 III
1148 3042 1219 3111 Cal.
1240 3044 1355 3138 Majas
1373 3068 1447 3115 ann.

442 3158 529 3231 1658
557 3175 651 3227 natus
682 3175 733 3226 est
753 3160 927 3246 Venonis,
955 3160 1146 3251 parentibus
1167 3186 1210 3231 ex
1238 3164 1449 3253 patriciorum

438 3274 552 3344 ordina
569 3272 810 3359 nobilissimis,
828 3276 880 3345 Μ.
901 3275 1046 3343 Antonio
1065 3275 1248 3347 Barbadico
1267 3280 1311 3348 Ι).
1341 3279 1449 3351 Marci

438 3382 644 3487 procuramus
663 3411 697 3463 et
716 3396 813 3466 Clara
832 3396 951 3466 Duodo
970 3448 978 3464 .
997 3397 1050 3466 lbi
1070 3398 1177 3489 patria
1196 3396 1231 3468 in
1253 3397 1350 3469 domo
1368 3401 1450 3470 edu-

776 3604 939 3632 mffl
944 3606 1107 3633 ΜΜΜΜ

483 3745 532 3824 (r)
556 3742 682 3805 Cordara
701 3746 761 3807 vira
788 3744 835 3806 del
847 3750 882 3807 B.
907 3747 1048 3827 Gregorio
1076 3746 1163 3809 card.
1190 3746 1345 3829 Barbarigo'
1366 3748 1399 3809 P.
1412 3750 1458 3809 11-

446 3872 508 3933 cap.
530 3856 559 3915 6.
579 3852 744 3915 Ricohinias
766 3852 874 3917 devita
894 3869 924 3916 ct
942 3856 1027 3918 rebus
1047 3857 1132 3940 gestis
1151 3856 1184 3920 B.
1209 3856 1341 3939 Gregorii
1359 3854 1458 3939 Baths

442 3960 502 4024 dici
519 3960 572 4024 lib.
591 3984 621 4026 2.
640 3984 666 4025 c.
687 3964 718 4025 ὃ.
