3259 4959
1170 265 1219 345 65

193 434 228 482 rc
244 405 277 494 „ni
298 403 397 476 vellet
407 456 418 489 ,
436 400 494 494 qui
514 422 557 472 ex
574 399 760 474 seminario
778 399 935 492 patavino
953 400 1093 494 proiecti
1116 406 1210 480 litte-

190 531 240 602 ris
260 507 471 619 prasstiterc,
490 539 526 594 ct
543 519 689 592 nominis
709 519 817 592 lama.
831 523 861 592 li
881 539 1029 608 tantum,
1050 525 1107 615 qui
1126 531 1213 602 mihi

194 623 389 714 veniunt'in
409 652 556 707 mentem
584 636 690 721 ultro,
710 650 845 726 possent
871 635 935 706 loci
955 637 1072 731 hujus,
1092 639 1128 708 in
1151 667 1216 734 quo

196 760 277 847 alti,
298 780 420 828 nomen
440 777 639 846 propagare:
659 753 806 844 exetnpli
826 753 952 845 gratis,
980 755 1125 845 Verius,
1143 761 1219 830 Fer·

198 879 322 963 ratius,
350 872 569 946 Melcbiotius
578 924 589 958 ‚
607 871 799 942 Jaccbettus
809 924 819 956 ,
838 873 1043 944 Facciolatus
1052 928 1063 962 ,
1081 879 1219 946 Franco·

201 1021 279 1082 tms,
290 993 443 1088 AEgidiuc
462 989 684 1077 Forcellinus‚
700 991 879 1062 Zanclinus
887 992 1108 1078 ‚Trivellatus
1117 996 1222 1080 ,San-

203 1115 321 1200 dinus,
340 1113 498 1199 Pasinus,
517 1109 730 1201 migentius,
749 1110 869 1196 Oliva,
894 1112 1067 1184 anatius
1078 1167 1089 1200 ,
1108 1114 1225 1186 llinal-

206 1231 288 1314 dus,
307 1226 495 1312 Lastcsius,
517 1223 684 1309 Tcaldus,
704 1222 877 1296 Sibiliatus
888 1277 899 1310 ,
917 1225 1230 1312 casalmtomnes

203 1347 397 1421 Franciscus
413 1343 513 1416 Card.
531 1342 755 1426 Rarbadicus,
771 1343 955 1421 Sclavettua
966 1397 979 1431 ,
991 1346 1225 1438 Bellogradus,

206 1459 400 1544 Faccinlua,
423 1461 474 1530 Μ.
507 1455 669 1531 Antonius
688 1456 904 1543 Forcellinus,
918 1459 1114 1546 Rambelus,
1128 1461 1227 1534 Scar-

212 1577 318 1662 dona,
336 1579 525 1660 marcum,
543 1571 764 1664 Cognoletus,
784 1569 928 1663 aliique,
952 1595 1068 1644 omnes
1088 1573 1230 1648 illustria

211 1694 366 1764 nomina.
386 1690 515 1782 Quibus
527 1689 632 1760 additi
652 1687 709 1781 qui
730 1687 846 1758 vivunt
865 1685 992 1775 adhuc,
1008 1707 1043 1760 et
1059 1691 1230 1782 publicum

214 1807 278 1878 hcc
296 1804 506 1900 gymnasium
525 1819 642 1874 amant
661 1855 672 1889 ,
707 1825 881 1875 numerum
900 1803 1044 1876 conflant
1068 1806 1166 1898 plane
1184 1806 1233 1878 iu·

217 1939 369 2016 pentem.

261 2040 647 2114 Celeberlitterariarum
660 2038 912 2130 ephemeridum
937 2041 1078 2133 scriptor
1095 2043 1235 2116 Lamina

219 2155 268 2229 ait
277 2209 288 2242 ,
306 2180 350 2228 ex
368 2154 554 2226 seminario
572 2152 748 2244 patavino,
767 2169 936 2245 tamquam
955 2179 998 2226 cx
1025 2179 1110 2248 equo
1135 2157 1236 2252 troja-

220 2295 265 2340 nn
275 2323 285 2356 ,
305 2283 509 2360 praestantes
528 2265 615 2336 viros
639 2265 779 2356 singulis
799 2268 1003 2359 temporibus
1020 2271 1144 2342 exiisse
1161 2273 1240 2366 (1).'

222 2383 380 2474 Undique
392 2381 428 2450 in
449 2396 516 2451 tcta
532 2379 688 2473 patavina
700 2378 842 2452 dioecesi
862 2402 1033 2456 occurrunt
1047 2411 1239 2460 monumen-

226 2515 261 2571 ta
287 2494 581 2570 seminariensium
593 2546 605 2578 ‚
628 2493 685 2586 qui
712 2495 893 2586 plurimum
921 2497 1066 2570 claruere
1094 2500 1241 2574 moribus

226 2630 262 2682 et
280 2609 449 2683 doctrina.
468 2610 636 2680 Resonant
665 2607 772 2679 adhuc
791 2609 941 2701 pluribus
960 2611 997 2682 in
1015 2614 1176 2705 paroeciis
1195 2631 1246 2694 tot
1329 2605 1333 2612 ’

227 2753 391 2801 sacrorum
411 2745 579 2819 pasturum
597 2727 753 2816 nomina,
767 2729 888 2820 quibus
904 2730 955 2800 vel
973 2731 1154 2821 pascendas
1166 2757 1244 2805 suas

228 2875 305 2921 oves
317 2848 453 2922 tradidit
471 2848 522 2918 vir
540 2847 676 2933 beatus,
687 2847 740 2918 rel
757 2872 840 2940 quos
859 2847 949 2918 idern
968 2847 1003 2918 in
1022 2849 1245 2924 Seminarium

230 2983 387 3060 exceptus
414 2967 498 3038 aluit
515 2966 552 3038 in
571 2991 667 3059 spem
685 2967 874 3040 Ecclesiae.
893 2967 1014 3038 Coetus
1034 2968 1175 3060 quilibet
1193 2973 1248 3046 vel
1366 2975 1370 2984 '

98 3135 104 3146 .
229 3086 368 3157 societas
383 3083 582 3177 spectabiles
600 3085 689 3155 siros
712 3085 835 3180 jactat,
847 3085 976 3159 Patavii
992 3086 1112 3160 saltem
1131 3111 1151 3158 a
1169 3075 1252 3180 puc-

231 3198 278 3269 ris
296 3198 333 3268 in
355 3198 541 3272 Seminaric
561 3200 729 3270 eruditos.
840 3293 844 3300 '
905 3233 909 3248 =

577 3381 912 3438 *ammissum

276 3545 326 3629 (ι)
346 3541 398 3606 At
416 3565 484 3606 ann.
511 3542 597 3628 1755.
617 3565 684 3630 pag.
705 3547 775 3628 ³¹9·
