3259 4959
1150 401 1196 485 ¹9

176 524 257 607 bal.
286 528 371 605 ilino
405 532 616 603 interdictum
645 530 823 623 cuiuslibet
850 532 1078 605 hebdomadae
1106 536 1192 609 feria

176 669 271 723 sexta
289 648 590 723 Seminaricnsibus
610 650 725 741 quovis
745 648 823 717 ludo
843 651 857 741 (
881 650 916 740 ).

223 766 333 836 Noctu
350 788 446 850 sero,
466 765 555 855 prius
575 788 674 857 qnam
694 761 971 849 caticuminus,
990 764 1141 835 solebant
1159 792 1193 834 o·

178 900 271 950 mnes
295 904 386 949 orare
405 880 599 967 unanimes,
619 878 833 971 introspicere
851 878 972 970 singuli
990 878 1026 950 in
1046 898 1195 952 mentem

178 1016 291 1080 suain,
315 1000 454 1085 eamque
473 1010 612 1063 tractare
631 992 828 1084 diligenter,
845 994 1045 1087 investigare
1072 1013 1106 1066 et
1136 1022 1199 1067 ex-

179 1130 356 1198 cutere,ac
374 1137 410 1181 se
426 1136 462 1184 se
482 1114 574 1183 taciti
592 1114 797 1204 percontari,
808 1113 890 1204 quid
903 1114 1048 1207 egissent
1065 1140 1105 1185 ea
1120 1115 1199 1203 dic,

179 1231 231 1301 vel
246 1231 422 1317 dixissent,
437 1232 490 1301 vel
509 1232 710 1325 cogitassent
725 1233 799 1325 (a).
820 1235 913 1304 Haec
940 1234 1061 1325 privati
1084 1234 1199 1329 cujus-

179 1341 256 1415 dam
275 1348 369 1437 quasi
390 1348 504 1441 judicii
525 1344 629 1414 forma
653 1346 743 1414 inse
768 1346 917 1436 quotidie
937 1346 1042 1417 abiis
1061 1347 1199 1417 institn-

180 1478 233 1553 ta,
263 1468 405 1537 multum
434 1465 636 1557 corrigendis
662 1466 835 1551 moribus,
864 1482 899 1535 et
921 1466 1140 1558 provehendis
1163 1467 1201 1535 in

177 1584 299 1656 melius
330 1586 509 1676 proderat.
537 1586 647 1655 Multo
673 1608 749 1655 vero
777 1586 883 1677 magis
912 1586 1198 1657 sacramentorum

178 1701 379 1796 frequentia.
395 1710 511 1799 Itaque
536 1704 637 1775 sacris
658 1705 830 1775 ordinibus
858 1704 982 1775 initiati
998 1729 1195 1798 unaquaque

177 1820 385 1900 hebdomada
402 1826 600 1922 jubebantur
622 1824 665 1896 ad
692 1826 804 1895 altaris
825 1826 987 1914 mysteria
1014 1824 1195 1910 accedere;

180 1938 239 2009 alii
264 1938 374 2009 clerici
405 1940 458 2009 bis
484 1936 521 2008 in
549 1962 695 2025 mense,
711 1936 813 2008 ceteri
839 1960 881 2007 ex
898 1935 1047 2007 inferiori
1066 1935 1201 2011 familia

181 2056 304 2127 semel.
319 2056 382 2128 llis
402 2072 512 2127 antem
532 2057 708 2148 postremis
728 2057 762 2125 in
781 2057 866 2139 hoc,
884 2055 1026 2147 aliisque
1041 2056 1137 2127 rebus
1158 2054 1202 2127 ad

178 2174 377 2269 religionem
401 2174 649 2266 spectantibus,
677 2190 714 2241 ut
739 2173 943 2261 plurimum,
961 2169 1093 2263 praesto
1112 2190 1204 2262 crat,

181 2288 240 2379 qui
259 2289 308 2355 rei
327 2288 528 2357 domesticae
550 2299 701 2375 praeerat
721 2284 794 2373 (3).

230 2401 278 2471 Ac
298 2422 341 2467 ne
367 2422 511 2489 unquam
537 2396 592 2466 hic
620 2395 756 2487 pietatis
784 2394 882 2467 ardor
906 2392 1117 2491 frigesceret,
1146 2396 1202 2467 bis

181 2517 378 2612 quotannis,
395 2515 539 2607 primurn
559 2515 593 2583 in
614 2538 699 2582 nova
725 2512 908 2582 studiorum
938 2513 1199 2603 instauratione,

182 2654 252 2707 tum
278 2636 321 2707 ad
349 2635 476 2705 exitum
504 2632 796 2704 Bacchanaliorum
822 2685 833 2719 ‚
863 2632 993 2724 spiritui
1021 2627 1207 2702 exercendo

181 2750 345 2827 vacabant
369 2750 496 2840 aliquot
526 2747 598 2818 dies
624 2747 779 2818 alumni.
808 2748 908 2817 'lunc
937 2745 1054 2817 abesse
1077 2746 1204 2819 licebat

181 2869 318 2938 omnino
338 2866 484 2952 nemini,
501 2866 566 2937 nisi
580 2866 799 2937 intercederet
813 2864 926 2958 gravis
939 2890 1059 2935 cansa.
1076 2864 1112 2937 si
1129 2862 1206 2957 quis

183 2982 361 3068 abfuisset,
388 2982 591 3051 multabatur
617 2998 706 3051 certa
734 2979 895 3072 pecuniae
921 2980 980 3069 vi,
999 2996 1033 3050 et
1062 2977 1204 3049 interdi-

183 3100 292 3171 ctione
319 3100 602 3193 suscipiendornm
631 3124 796 3170 sacrorum
834 3099 987 3170 ordinum
1021 3114 1089 3168 toto
1116 3106 1207 3168 anno

183 3242 225 3289 eo
246 3221 297 3316 (4)
315 3274 324 3290 .
342 3224 512 3291 Postrema
530 3220 722 3299 eorumdem
740 3220 1039 3293 Bacchanaliorum
1068 3218 1123 3289 die
1151 3236 1208 3288 re·

528 3448 861 3481 mmmm

226 3623 277 3704 (r)
297 3620 391 3683 instit.
412 3616 450 3680 ad
469 3619 577 3682 Samia.
598 3620 708 3703 Regini.
729 3640 796 3703 pag.
820 3636 866 3704 17.

227 3727 277 3805 (2)
299 3722 374 3786 ibid.
393 3745 457 3805 pag.
478 3726 526 3786 63.
643 3754 647 3767 ·

229 3826 375 3909 (3),Act.
402 3826 503 3889 bestii.
530 3828 670 3893 Summar.
697 3826 740 3889 T.
765 3828 804 3889 11.
828 3847 895 3912 pag.
921 3822 990 3889 215.
1018 3839 1048 3891 ct
1071 3826 1116 3890 Τ.
1144 3814 1204 3897 Ν.

184 3945 252 4019 pag.
272 3950 337 3993 220.

230 4037 280 4121 (4)
301 4038 375 4103 ibid.
397 4038 838 4126 T.11.Summar.pag.aoii.
