3259 4959
18 4042 24 4073 l

1167 326 1223 358 ρο

1166 362 1225 409 iit)

202 502 267 575 tto,
287 478 332 558 uti
354 495 567 573 conticuerat,
587 478 756 579 aperiebat
776 486 931 579 episcopo
950 487 1031 579 quid
1059 493 1220 577 scutirct;

205 618 267 674 trec
289 607 346 674 ulli
366 602 557 673 offensionis
576 603 721 694 periculo
741 602 903 671 obnoxius
930 622 1019 671 erut.
1043 606 1220 695 vigilabat

207 726 386 815 plurimum
404 724 647 811 Brunnurcos,
668 746 709 793 ne
728 723 763 791 in
783 716 937 815 negotio,
956 722 1042 814 quod
1072 724 1226 813 gravissi-

208 860 298 907 mum
317 832 505 933 judicabat,
528 837 694 908 laberetur
721 833 914 929 imprudens
934 888 943 905 .
963 840 1223 909 Accumrissiinc

210 955 245 1025 in
270 958 397 1028 clericis
417 957 606 1049 requirebat
631 957 829 1027 scientiam.
851 960 931 1027 Erat
948 957 1038 1025 enim
1058 954 1130 1051 ejus
1158 959 1229 1028 ani-

209 1092 264 1145 mo
283 1077 420 1147 infixum
438 1070 541 1147 illud:
565 1072 652 1166 Quia
673 1088 710 1146 tn
727 1066 906 1147 scientiam
925 1074 1101 1166 repulisti,
1121 1074 1227 1169 repel-

208 1190 279 1265 lam
298 1206 353 1283 te,
372 1214 414 1265 ne
430 1192 621 1267 sacerdotio
632 1196 797 1289 jungaris
814 1194 899 1265 nribi
914 1197 987 1287 (r).
1007 1197 1079 1265 Hoc
1099 1195 1157 1264 ille
1177 1220 1229 1265 ur-

209 1311 326 1401 gebat,
346 1312 465 1381 iisdem
493 1328 652 1401 perpetuo
678 1312 841 1380 instabat.
860 1308 965 1401 quue
989 1336 1055 1381 non
1075 1313 1227 1383 Sentina-

208 1430 374 1501 riensibus
394 1442 527 1499 tantum
553 1428 801 1499 innotescebat.
828 1430 951 1501 Clerici
970 1428 1093 1521 ubique
1112 1454 1231 1500 omnes

206 1544 306 1640 hujus
324 1543 558 1617 sollicitudinis
575 1560 692 1621 testes.
710 1544 801 1615 Haec
822 1542 999 1615 vehemens
1017 1542 1139 1615 iisdem
1156 1561 1230 1615 erat

209 1672 379 1753 turriquam
400 1660 554 1731 stimulus
573 1658 616 1731 ad
635 1660 765 1732 studia.
784 1661 903 1731 Brevi:
925 1660 1080 1752 patavina
1100 1660 1229 1731 dioece-

209 1776 255 1848 sis
280 1794 461 1853 ceterarum
485 1788 632 1849 evaserat
652 1778 745 1873 quasi
766 1776 937 1871 exemplar
964 1780 1036 1869 (a).
1065 1779 1148 1849 Prae
1176 1806 1231 1851 ce·

210 1894 288 1967 teris
308 1896 496 1967 dioeceseos
523 1895 671 1989 partibus
690 1895 914 1967 Seminarium
943 1892 1078 1987 vigebat
1104 1895 1228 1967 artium

208 2012 369 2087 bonarum
390 2016 496 2104 cultu,
515 2040 534 2087 a
550 2016 738 2089 Gaeoonto
751 2016 786 2085 in
807 2012 937 2085 deliciis
954 2010 1127 2097 habitum,
1140 2014 1231 2105 quod

209 2125 288 2203 irinc
307 2150 474 2219 sumeret,
493 2150 574 2225 quos
607 2146 778 2223 tamqnam
797 2126 965 2221 operarios
982 2126 1131 2199 mitteret
1158 2155 1233 2220 pas·

212 2251 277 2319 sim
297 2252 333 2320 in
352 2246 484 2319 vincam
514 2270 608 2317 suam
628 2249 709 2338 (5).
740 2248 932 2337 Numquam
952 2239 1026 2336 ipse
1051 2245 1231 2317 Seminarii

215 2388 290 2435 cura
311 2364 461 2435 vacavit.
482 2364 550 2433 Diu
567 2374 757 2455 noctuque,
780 2386 899 2449 sanus,
926 2374 1097 2456 aegrotus,
1116 2386 1154 2433 ac
1183 2362 1235 2431 ci-

215 2482 295 2550 bum
327 2506 461 2553 sumens
488 2482 530 2553 de
557 2478 741 2554 Seminario
769 2476 958 2570 cogitabat,
977 2478 1115 2569 perinde
1133 2503 1172 2549 ac
1199 2474 1235 2551 ri

211 2598 293 2669 haec
312 2622 377 2667 una
396 2616 482 2667 esset
501 2594 648 2689 episcopi
669 2599 871 2687 procuratio.
887 2595 961 2669 Nec
978 2614 1088 2667 tamen
1104 2598 1227 2667 urimur

211 2709 266 2793 id,
301 2727 337 2781 ut
356 2711 543 2783 insolitum.
580 2710 660 2781 Erat
690 2706 750 2780 ille
777 2709 912 2802 quidem
945 2712 1124 2789 multarum
1156 2736 1232 2781 ma·-

213 2842 414 2915 gnarumque
444 2847 551 2895 rerum
580 2822 794 2915 occupatione
826 2822 1018 2895 distentos.
1051 2826 1234 2917 Erpedivit

212 2952 323 3011 tatncn
343 2940 506 3033 pluriora3
524 2944 629 3011 immo
648 2936 720 3033 ipse
745 2964 847 3029 unus,
875 2968 974 3035 quam
1002 2944 1099 3014 ratolti
1128 2943 1231 3016 simul

211 3058 378 3149 episcopi,
399 3058 494 3149 longe
516 3058 629 3149 plura:
647 3057 765 3127 solitus
783 3059 830 3127 ita
859 3056 1056 3151 singillatim
1080 3082 1234 3157 quaequq

213 3176 386 3264 perlicere,
405 3188 440 3245 ut
458 3200 559 3245 unum
588 3175 671 3246 illud
699 3200 794 3269 agere
822 3176 1004 3247 videretur.
1025 3177 1163 3269 Semper
1189 3202 1228 3246 a·

215 3316 316 3385 gens,
334 3314 514 3383 numquam
533 3316 686 3379 cessans,
701 3294 773 3364 loco
791 3295 913 3389 qnietis
931 3296 1076 3367 babebat
1091 3295 1232 3389 alicujus

215 3404 292 3475 novi
312 3403 434 3473 laboris
453 3406 575 3475 viceor.
595 3408 693 3477 Unde
711 3406 769 3478 ille
789 3410 921 3481 cuidam
941 3410 1144 3503 praeceptori
1157 3411 1235 3503 (nu

556 3637 801 3667 uuuuuu
804 3642 888 3677 mm

255 3774 545 3857 mmmm&

257 3887 308 3981 (a)
329 3882 397 3944 Act.
417 3879 522 3949 beant
540 3886 582 3949 T.
602 3888 657 3953 IV·
679 3890 818 3955 suumn.
835 3910 900 3983 pap.
921 3890 992 3955 30⁰·

257 3993 306 4077 (i)
325 3988 400 4053 lbid.
420 4010 487 4076 paq.
509 4014 575 4055 220.
598 4016 667 4079 ²²7·
