3259 4959
388 377 455 456 sla
870 390 956 452 trra

378 523 473 594 brevi
491 531 638 592 orasset.
658 519 754 590 Hauc
773 515 920 588 tamdem
941 512 1062 606 exponi
1082 516 1247 608 quondam
1266 515 1402 612 publice

381 643 418 712 iu
446 640 572 730 templo
599 637 698 732 jussit
715 635 968 721 lemniscatam,
988 637 1133 706 accensis
1152 638 1196 708 ad
1214 638 1322 730 ipsam
1350 667 1403 714 es·

382 755 449 828 reis
468 752 555 824 XIV
578 751 651 822 Cal.
669 750 798 838 Julius,
816 751 873 821 die
891 753 929 821 Β.
950 750 1109 843 Gregorio
1128 775 1238 822 sacra.

428 869 556 940 Habuit
572 868 683 960 plures
701 845 838 951 iratres,
858 865 893 934 in
909 864 963 934 his
974 863 1170 957 cajetanum
1184 867 1219 936 in
1242 868 1400 960 patavino

383 988 569 1062 seminario
587 987 798 1073 institutum,
816 1009 937 1078 magna
956 984 998 1054 de
1017 1009 1053 1056 se
1075 985 1261 1076 pollicitum
1281 988 1334 1058 vel
1359 1011 1402 1058 ex

380 1107 587 1204 primordiis,
603 1107 752 1200 ejusdem
768 1121 940 1198 propterea
956 1104 1133 1176 Seminarii
1147 1104 1402 1179 beneficentiam

380 1243 555 1320 expertum
574 1225 763 1296 Cardinalis
781 1227 928 1296 Cornelii
948 1225 1095 1318 episcopi
1113 1225 1260 1317 paterini
1289 1227 1400 1320 jussu.

427 1341 503 1413 Fuit
529 1338 585 1410 hic
617 1339 769 1410 maximo
793 1341 960 1430 praesidio
988 1339 1106 1427 fratri,
1141 1341 1199 1434 qui
1226 1341 1401 1434 collegium

384 1457 596 1541 instituerat,
623 1454 659 1523 in
678 1455 965 1525 administratione
986 1455 1161 1546 praecipue
1180 1456 1228 1526 rei
1256 1452 1402 1526 semilia-

380 1573 450 1640 ris:
478 1569 626 1639 Valcbat
653 1569 745 1638 enirn
772 1569 846 1659 ipse
862 1569 1042 1659 plurimum
1061 1593 1138 1640 curu
1157 1571 1276 1640 ceteris
1301 1569 1400 1640 bonis

388 1685 534 1770 artibus,
551 1700 623 1756 urm
646 1684 751 1753 etiam
777 1688 817 1764 si
840 1681 1010 1768 οἰκονομίᾳ,
1029 1707 1094 1776 que
1126 1709 1192 1755 nort
1223 1685 1402 1757 admodum

382 1810 399 1896 (
422 1823 458 1874 ut
477 1804 626 1895 plerique
645 1803 866 1873 litteratorum
892 1806 905 1884 )
931 1801 1061 1873 volebat
1079 1800 1319 1889 Sebastianus,
1343 1806 1401 1896 qui

383 1921 535 2014 cajetani
555 1918 735 1989 immatura
752 1935 858 1989 morte
877 1917 1043 2011 praerepti
1060 1919 1247 2010 sepulcrum
1266 1919 1320 2012 (ι)
1338 1919 1402 1992 hoo

381 2037 479 2107 titulo
498 2033 649 2104 ornavitt

487 2385 726 2455 (ΞΑΙΕΤΑΝΟ
737 2383 986 2455 FRANZONO
1004 2377 1293 2454 PfluquTutto

437 2503 491 2573 IN
509 2504 662 2572 MEDIO
680 2503 874 2574 AETATIS
891 2504 949 2570 ET
969 2502 1178 2572 DOCENDI
1197 2499 1351 2574 cvflsv

755 2619 1017 2688 l'IlAEREPTO

585 2731 895 2804 SEBASTIANVS
913 2731 1192 2804 FRANZONVS

624 2851 798 2922 FRATER
816 2850 1158 2924 MOESTISSIMVS

502 2971 718 3041 COLLEGII
737 2970 971 3041 NOBILIVM
989 2970 1279 3040 Mouenaron

562 3199 676 3270 ANN.
693 3087 1224 3274 ΒΟΜΙΝῩΜΒΕΕΧΧΧἯΙΙ.

378 3330 397 3377 l!

426 3547 494 3639 Qui
522 3547 711 3618 diutissime
739 3549 883 3632 vixerat,
914 3548 1080 3640 perculsus
1112 3553 1287 3638 οἰποοοοοοξίοο
1315 3544 1400 3616 obiit

384 3695 487 3762 quarn
505 3669 676 3741 celerrimo
687 3723 702 3756 ,
716 3673 768 3740 ΙΙΙ
794 3670 926 3742 scilicet
952 3670 1024 3740 Cel.
1043 3669 1170 3762 Aprilis
1194 3691 1271 3738 ano.
1292 3691 1399 3763 1779,

724 3875 1055 3904 fflfflfflfflfflmffi

424 4049 475 4131 (r)
495 4047 578 4110 uns.
600 4044 655 4109 hoc
673 4045 787 4122 Patavii
804 4044 836 4106 iu
855 4043 975 4108 ecelesia
992 4043 1122 4106 Fratrum
1142 4039 1398 4128 discalceatum,
