3259 4959
405 351 476 446 314
864 365 949 422 trra

400 494 493 564 lebat
514 513 570 562 eos
593 488 659 560 sibi
687 502 871 582 exponere,
895 483 978 577 quid
996 483 1174 555 sererent.
1203 486 1314 558 Faciie
1334 487 1430 564 enim

402 630 454 684 est
482 613 706 682 adolescentes
733 627 870 698 peccare
888 627 929 675 ex
948 604 1139 675 infirmitate
1159 605 1293 700 judicii.
1314 611 1431 697 Quare

402 749 458 796 sos
472 725 612 795 docebat
630 721 778 793 invenire
794 735 986 811 argumento
1005 719 1144 803 idonea,
1163 743 1310 811 quaeque
1330 721 1429 792 inve-

404 845 533 914 nissent
548 843 701 912 ordinare
715 839 968 923 omnia,omnia
987 837 1029 908 ad
1047 855 1171 908 certam
1192 839 1329 910 rationis
1351 865 1429 910 nor-

403 983 496 1028 snam
515 956 721 1048 expendere,
741 979 761 1024 a
785 951 902 1023 fucatis
918 976 995 1023 vera
1013 975 1202 1038 secernere,
1222 979 1241 1023 a
1266 953 1427 1046 probabi-

401 1070 605 1157 libertabus,
622 1093 688 1140 uno
706 1067 830 1154 verbu,
849 1083 937 1138 recte
954 1067 1160 1136 ratiocinari.

448 1187 554 1278 idque
586 1183 740 1255 studebat
769 1183 926 1273 perficere
952 1182 986 1250 in
1017 1181 1222 1271 explicandis
1249 1183 1428 1275 praecipue

405 1302 611 1378 auctoribus.
636 1305 732 1371 'lunc
756 1301 848 1370 enirn
872 1300 979 1369 varias
999 1300 1144 1370 eruditus
1163 1299 1236 1391 ipse
1265 1299 1426 1374 afferebat

402 1420 605 1489 eruditonnn
625 1417 844 1508 interpretum
862 1411 1053 1504 opiniones,
1071 1435 1207 1484 neceas
1226 1413 1332 1484 facilis
1362 1419 1427 1487 ad-

402 1537 581 1621 mittebat,
600 1537 681 1628 quin
698 1535 790 1626 prius
809 1533 1013 1625 explorasset
1030 1533 1175 1626 singulas
1203 1533 1423 1623 diligentias·

399 1651 600 1737 me,solitus
614 1673 751 1720 causam
771 1649 927 1739 prodere,
940 1671 997 1717 cur
1015 1647 1149 1718 casdem
1169 1647 1420 1739 reinciperet,

402 1764 456 1832 vel
476 1779 661 1853 respueret3
680 1785 840 1853 suamque
861 1763 1093 1856 interponere,
1112 1763 1241 1856 quotics
1257 1763 1336 1834 illue
1353 1788 1420 1834 nou

400 1873 642 1948 satisfacerent.
654 1875 710 1947 Sic
725 1876 783 1946 ille
802 1873 1060 1960 assuefaciebat,
1075 1877 1131 1966 qui
1145 1899 1223 1950 suae
1241 1875 1418 1948 intererant

401 1989 618 2082 disciplinae,
639 2015 706 2061 non
726 2008 851 2062 temere
865 1989 1003 2081 probare
1030 1991 1190 2082 quidquid
1209 1991 1251 2060 ab
1269 1992 1343 2062 aiiis
1367 1993 1419 2062 di·

397 2103 504 2192 citur,
521 2106 581 2174 sed
599 2129 659 2176 suo
677 2122 858 2198 opportune
878 2103 1002 2201 judicio
1017 2106 1065 2178 uti
1077 2155 1086 2176 .
1100 2107 1136 2178 Si
1153 2105 1242 2182 enirn
1263 2106 1418 2180 falluntur

400 2224 578 2317 aliquando
596 2243 632 2296 et
657 2226 767 2317 magni
794 2242 966 2311 auctores,
985 2226 1089 2296 ruulto
1108 2223 1236 2298 facilius
1255 2225 1325 2298 fulli
1344 2242 1417 2318 pot·

400 2356 515 2426 erunt,
534 2341 593 2431 qui
621 2339 754 2408 abillis
773 2340 917 2412 distant.
937 2339 1092 2410 Modeste
1112 2357 1222 2420 tamen
1237 2357 1270 2411 ct
1283 2343 1419 2414 circurn-

402 2475 516 2551 specte
533 2459 754 2530 incedendum
774 2457 969 2550 praesertim
989 2457 1100 2554 juveni
1120 2459 1155 2528 in
1174 2460 1236 2530 hoc
1262 2459 1415 2552 negotio;

401 2599 446 2647 ne
465 2569 765 2672 (quod'plerisque
785 2579 934 2670 accidit)
955 2578 1110 2665 damnet,
1128 2603 1211 2671 quae
1231 2603 1296 2650 non
1323 2579 1418 2650 iutel-

400 2689 476 2784 ligit
490 2692 576 2766 ..stc
592 2695 652 2764 ille
670 2695 738 2763 suis
757 2693 930 2784 discipulis
951 2709 1080 2786 praesto
1100 2709 1193 2764 erat.
1212 2698 1258 2763 Ar
1276 2717 1339 2762 non
1362 2691 1418 2765 bis

402 2820 533 2882 tantum
561 2807 679 2880 utilem
702 2831 739 2876 se
764 2831 801 2876 sc
832 2805 1015 2898 praebuit,
1049 2806 1108 2876 sed
1136 2823 1169 2875 ct
1198 2805 1273 2876 aliis
1302 2803 1420 2876 latinos

399 2943 548 2998 auctores
579 2923 771 3018 opportunis
795 2948 835 2996 ac
858 2923 1014 2996 brevibus
1049 2924 1317 2994 annotationibus
1340 2923 1417 2996 itte..

401 3045 555 3112 suendo.

442 3163 494 3235 Ac
509 3159 642 3230 Livium
660 3159 795 3251 quidem
814 3165 881 3252 (ut
892 3185 1001 3232 rerum
1022 3183 1169 3243 servem,
1188 3159 1336 3231 ordinem
1358 3157 1416 3230 in·

399 3293 494 3348 serto
512 3279 715 3370 temporum)
725 3301 763 3348 ac
777 3278 911 3350 livium
932 3280 1067 3372 quidem
1085 3277 1328 3370 explanandum
1347 3301 1416 3348 sus-

397 3394 524 3486 cipiens
541 3395 626 3468 illud
644 3395 678 3464 in
699 3396 815 3486 primis
834 3395 981 3482 curavit,
998 3411 1034 3466 ut
1052 3394 1163 3464 omnia
1182 3389 1340 3463 studiosis
1357 3393 1415 3462 ad·

398 3513 619 3584 olescentibus
639 3516 655 3607 (
674 3525 756 3608 quo's
780 3516 995 3607 presbeteris
1014 3515 1050 3582 in
1068 3513 1121 3583 his
1139 3509 1326 3603 spectavit)
1342 3507 1416 3601 pla·

396 3627 491 3698 niora
502 3626 642 3716 faceret,
656 3644 691 3698 et
701 3629 856 3702 brevitati
877 3630 1067 3702 inserviret.
1081 3630 1191 3718 Quare
1205 3625 1309 3696 multa
1324 3645 1415 3715 prae-

398 3745 493 3831 terit,
513 3769 564 3817 res
594 3734 829 3842 geographicas
858 3775 924 3824 non
945 3748 1103 3840 attingit,
1121 3745 1187 3816 nisi
1207 3744 1235 3816 si
1255 3740 1336 3836 quid
1362 3740 1416 3810 vi-

397 3883 472 3930 surn
490 3876 542 3929 est
568 3877 683 3932 notatu
700 3863 833 3956 dignius
850 3915 859 3934 .
878 3864 947 3934 Ubi
966 3861 1106 3933 occurrit
1124 3859 1204 3952 quid
1222 3853 1411 3940 obscurius,

395 3965 434 4056 id
450 3971 614 4048 illustrare
631 3977 761 4068 studet,
788 4002 854 4072 qua
879 3993 1006 4050 mutata
1024 3975 1198 4050 verborum
1225 3987 1415 4072 structore,
