3259 4959
1220 389 1271 476 55

244 509 395 584 alumnos
414 510 592 584 seminarii
611 512 726 605 gratis.
747 513 788 584 Id
805 531 876 586 erat
896 521 1043 593 maximo
1061 526 1260 602 incitamen-

246 650 280 702 to
299 649 334 702 et
352 630 430 701 aliis
450 631 492 701 ad
512 631 761 724 percipiendam
779 637 931 707 certatim
953 641 1070 712 eadem
1091 645 1265 724 documen.

245 767 280 822 ra
298 753 376 844 (1).
395 749 553 820 Timebat
570 775 647 820 vero
665 752 879 825 vehementer
898 758 1105 849 cardinalis,
1120 789 1162 836 ne
1185 795 1265 843 non.
1396 786 1400 795 ·

243 871 328 941 nulli
349 869 407 962 qui
426 891 471 940 ex
491 868 670 942 Seminarii
689 869 830 962 proiecti
860 893 954 946 erant
978 878 1179 972 disciplina,
1208 915 1263 962 sa.

244 987 390 1058 cerdotio
406 986 474 1081 iam
493 987 643 1082 insigniti
660 988 751 1061 domi
766 1013 847 1060 suae
858 991 1007 1064 virerent
1018 996 1054 1066 in
1069 1001 1158 1072 otio.
1176 1007 1263 1094 Qua.

243 1125 279 1170 re
298 1098 531 1170 dioecesmrmn
552 1101 737 1192 quemlibet
753 1106 959 1182 sacerdotem
976 1110 1017 1179 ad
1037 1112 1261 1189 Seminarium

243 1213 386 1284 inritare
409 1231 621 1306 peramanter
640 1215 774 1306 coepit,
793 1218 921 1290 ibidem
945 1247 1162 1316 munsumm,
1182 1231 1263 1302 dum

245 1331 356 1401 eidem
375 1353 554 1422 congruum
576 1328 750 1402 offerretur
767 1356 886 1405 munus
906 1338 959 1427 (2)
975 1391 984 1407 .
1009 1343 1120 1434 thue
1143 1371 1258 1418 omncs

243 1446 391 1517 alliceret
426 1443 580 1530 facilius,
603 1443 714 1514 edixit
742 1445 819 1516 illos
853 1468 1030 1542 exceptum
1053 1455 1094 1525 iri
1118 1458 1258 1532 lautiore

242 1585 382 1645 mensa,
395 1558 555 1631 mediocri
571 1559 738 1651 persoluto
755 1563 857 1633 annui
876 1565 1045 1637 convictus
1063 1572 1171 1660 pretio
1186 1576 1259 1666 (3).

240 1680 369 1765 Verum
387 1679 599 1770 intelligens,
619 1702 660 1749 ne
692 1679 729 1752 id
746 1681 883 1771 quidem
906 1686 1066 1774 praestari
1087 1711 1183 1779 posse
1214 1692 1258 1764 ab

240 1797 419 1884 omnibus,
437 1798 577 1870 cuilibet
593 1799 650 1870 hic
669 1815 785 1891 patere
800 1801 909 1874 voluit
927 1802 992 1876 duo
1010 1810 1203 1896 gymnasia,
1223 1811 1261 1886 in

242 1937 379 2005 quorum
400 1913 505 1984 altero
514 1913 699 1986 litteratura
717 1913 854 2005 politior
872 1917 1082 2008 traderetur,
1101 1921 1136 1992 in
1157 1925 1261 1998 altero

241 2049 371 2101 momm
401 2027 567 2121 theologia
597 2027 676 2120 (4).
696 2028 751 2100 Ad
768 2029 854 2102 alios
870 2033 974 2103 etiam
1002 2039 1149 2128 porrexit
1166 2034 1261 2116 idem

238 2170 318 2220 suae
335 2147 458 2218 mentis
472 2171 582 2216 curas.
595 2147 669 2216 ttuc
689 2148 797 2218 semel
813 2152 990 2243 quotannis
1003 2159 1179 2238 convenire
1192 2165 1258 2254 jus-

239 2279 328 2336 serat
343 2269 507 2338 Foraneos
525 2288 673 2356 quosque
691 2267 871 2358 monos,
889 2288 927 2342 ut
945 2274 996 2344 sui
1015 2275 1082 2346 sibi
1110 2282 1259 2356 muneris
1387 2365 1390 2372 ,

238 2383 401 2452 rationem
432 2382 631 2468 redderent,
664 2401 699 2456 et
730 2409 811 2460 suae
843 2392 982 2486 quisque
1011 2396 1154 2490 regionis
1186 2417 1259 2474 ste·

239 2511 310 2568 tum
329 2497 551 2588 explicarent.
571 2496 682 2590 quue
695 2499 885 2576 decreverat
903 2531 943 2578 eo
962 2510 1065 2583 etiam
1096 2515 1234 2588 consilio
1243 2561 1258 2599 ‚

238 2629 407 2686 uteorum
430 2616 653 2690 Seminarium
682 2635 954 2713 recognoscerent
984 2633 1079 2723 quasi
1103 2652 1256 2712 centrum

238 2731 339 2804 totius
367 2732 552 2812 dioecesis.
570 2740 622 2810 ua
648 2737 706 2808 die
733 2742 846 2816 alebat
863 2747 1010 2842 singulos
1028 2753 1098 2824 suis
1124 2754 1258 2848 imperta

237 2853 285 2922 sis
300 2853 380 2944 (5).
397 2858 523 2926 Locum
541 2855 689 2928 tamdem
707 2857 745 2929 in
762 2859 949 2940 seminario
967 2886 1125 2945 statuerat
1137 2876 1153 2967 (
1161 2877 1258 2948 Arce.

235 2970 359 3044 roton
380 2973 468 3044 hunc
485 2975 700 3068 appellabant
718 2980 756 3072 ),
771 3007 839 3075 quo
857 3001 1027 3081 tamquam
1045 2992 1081 3071 in
1099 2994 1254 3066 solitudi-

234 3114 312 3162 nem
332 3117 369 3162 se
387 3094 572 3187 reciperent
590 3102 796 3190 sacerdotes,
808 3131 890 3198 quoe
901 3108 1043 3183 invitare
1062 3112 1191 3186 solebat
1207 3113 1255 3186 ad
1381 3149 1386 3160 ·

235 3205 432 3280 audiendum
451 3235 567 3285 rocem
585 3217 724 3287 Domini
742 3218 908 3314 loquentis
928 3226 971 3296 ad
989 3251 1046 3298 cor
1064 3230 1144 3322 (6).

521 3352 525 3361 ’
574 3357 907 3404 *mmm

275 3429 325 3507 (r)
343 3429 411 3494 Aet.
430 3436 534 3500 Beatii.
552 3439 596 3502 T.
616 3442 672 3504 IV.
692 3443 832 3510 Summar.
852 3471 917 3532 pag.
945 3472 1010 3533 ¹⁰7·

275 3532 324 3609 (a)
345 3532 424 3597 Vide
441 3537 580 3616 Librum,
592 3541 675 3621 cujus
695 3545 796 3607 titulus
817 3562 877 3611 est:
892 3551 1018 3614 Lettere
1038 3555 1254 3637 pastoraudet

235 3630 328 3697 Cera.
346 3639 494 3719 Gregorio
508 3646 676 3725 Barbarigo
694 3671 760 3732 pag.
781 3651 830 3714 55.
849 3667 881 3715 et
904 3657 970 3720 103.

272 3741 323 3818 (3)
345 3745 411 3808 Act.
433 3750 536 3812 Bestif.
558 3755 602 3816 Τ.
622 3756 677 3818 lv.
698 3759 838 3823 Summar.
859 3783 926 3846 pag.
938 3767 1008 3828 eoo.

121 3887 132 3902 .
268 3846 322 4025 {gp
341 3846 470 4011 {2³⁸²
484 3853 520 3914 n
536 3855 599 3920 vu.
615 3857 712 3941 spru.
730 3862 813 3924 asan
831 3863 866 3926 r.
888 3865 914 3927 r.
934 3889 961 3932 e.
985 3877 1035 3950 ι(

377 3972 419 4011 Ι.
690 3984 697 3992 ’
818 3972 820 3980 “

269 4056 319 4133 (6)
338 4058 406 4122 Art.
424 4061 528 4127 Beatit‘.
548 4065 591 4130 Τ.
610 4069 651 4132 11.
669 4069 810 4139 Semnan
828 4095 897 4162 pag.
917 4094 987 4160 eppa
