3259 4959
597 342 750 397 eunoun
767 334 915 397 ssnnrrtr
1210 327 1275 426 189

309 467 386 540 Non
405 466 567 554 mentiar,
586 467 615 538 ei
631 467 741 539 dicam
760 468 843 539 haec
861 469 919 540 rix
945 466 1036 541 edita
1052 466 1175 563 ubique
1197 470 1273 564 plu·
1315 530 1321 538 .

258 585 381 661 rituum
401 583 583 677 placuisse,
597 585 719 677 ubique
739 600 836 657 nacta
854 609 928 656 esse
946 586 1105 678 plurimos
1123 588 1269 660 laudato-

191 736 192 739 *
258 722 331 769 res.
352 700 450 769 Certe
476 698 592 773 ltcmm
616 698 764 769 omniurn
784 700 892 791 parari
918 699 1042 794 statim¹
1059 699 1175 771 debuit
1196 702 1271 773 edi·

258 818 306 887 tio
324 818 447 903 altera,
466 834 502 888 ut
521 817 636 889 eadem
657 817 845 909 petentibus
864 818 1057 891 satisfieret.
1081 819 1200 910 Neque
1218 844 1272 892 ve·

264 952 300 1006 ro
317 937 377 1009 ille
396 936 576 1030 quidquam
596 938 637 1007 de
656 939 795 1029 pristina
813 939 1022 1010 contentione
1044 936 1193 1024 remisit,
1219 936 1272 1011 lu.

257 1052 345 1125 soris
373 1054 500 1147 publici
531 1054 754 1127 confidentia.
786 1055 1045 1125 Dissertationes
1071 1078 1272 1146 quamquam

255 1187 408 1242 accurate
436 1170 609 1261 scriptas,
636 1187 811 1241 retractare
841 1172 952 1263 coepit
973 1172 1185 1265 diligentius.
1212 1171 1270 1245 sie

257 1308 342 1355 nova
361 1308 437 1355 cura
456 1284 664 1376 recognitas,
689 1285 848 1377 quasique
866 1283 1004 1355 relectas
1027 1301 1063 1355 et
1088 1286 1271 1359 cumulatas

258 1405 394 1495 insuper
412 1388 488 1473 aliis
512 1418 602 1487 octo,
621 1426 729 1472 rursus
748 1402 785 1471 in
808 1401 918 1473 lucem
941 1402 1035 1476 misit
1052 1426 1139 1473 anno
1166 1403 1271 1495 1742,

257 1539 294 1591 et
317 1522 382 1589 alia
407 1520 530 1612 pariter
556 1520 731 1613 deinceps,
755 1544 840 1613 quae
868 1520 958 1612 prius
980 1520 1135 1591 ‘ediderat
1143 1572 1154 1605 ,
1174 1535 1271 1591 aucta

260 1638 390 1731 plenius
419 1654 453 1709 et
480 1638 662 1711 illustrata:
694 1639 868 1709 historiam
894 1640 1024 1711 scilicet
1056 1637 1272 1729 apostolicam

258 1775 345 1824 anno
368 1752 477 1847 1744,
501 1777 586 1823 anuo
606 1770 715 1825 autern
735 1754 887 1847 sequenti
914 1754 1085 1827 historiam
1109 1752 1271 1823 Familiae

257 1894 388 1959 sacrae,
409 1871 493 1945 sitas
512 1872 647 1947 demum
668 1872 867 1948 Pontificum
897 1896 1106 1948 romanorum
1126 1870 1273 1943 ‘triennio

201 2048 203 2055 Α
257 2002 355 2079 post.

312 2100 399 2169 Hinc
419 2118 514 2171 aucta
532 2102 603 2195 eius
619 2099 708 2171 famu
728 2115 762 2171 et
787 2100 892 2191 gloria
914 2100 1111 2171 cumulatior
1125 2096 1271 2169 reddita.

263 2214 350 2285 Eum
369 2214 520 2303 suspexit
535 2237 601 2281 non
620 2236 685 2281 nna
703 2212 820 2297 Italia,
838 2213 897 2282 sed
915 2214 1018 2282 etiam
1035 2212 1122 2282 aliae
1145 2210 1276 2301 provin·

261 2322 356 2407 ciue,
373 2324 548 2416 praecipue
566 2339 678 2395 autern
692 2324 892 2397 Germania.
905 2324 1079 2417 Herbipoli
1092 2322 1183 2394 edita
1198 2319 1277 2391 hris-

235 2458 300 2517 ,je
318 2436 485 2529 corruperis
504 2436 644 2511 Sandini
663 2459 762 2530 opera
785 2460 862 2508 ann.
886 2440 973 2531 1736
983 2490 996 2525 ,
1013 2438 1182 2529 Augustae
1197 2458 1277 2505 nero

262 2554 516 2629 Vindelicorum
536 2579 612 2627 ann.
637 2558 742 2649 1748,
757 2573 810 2643 et,
824 2558 912 2650 qsmd
930 2557 1027 2647 longe
1046 2557 1173 2650 majus,
1185 2576 1277 2646 prae

261 2670 377 2741 tulisse
397 2670 485 2742 hunc
504 2672 657 2769 titulum:
677 2672 775 2743 Basis
789 2671 952 2745 historiae
966 2673 1212 2744 ecclesiasticae
1228 2666 1276 2745 ad

263 2811 360 2859 usum
376 2788 463 2860 cleri
489 2790 687 2884 ougrrstoni.
713 2795 858 2864 Joanncs
885 2794 975 2863 enim
994 2792 1177 2863 Beruardus
1203 2793 1278 2885 epi,-

261 2932 378 2999 scopus
398 2908 708 3001 chrysopolitanus,
723 2910 960 3003 herbipolitani
982 2908 1206 3003 suffraganeus
1213 2962 1225 2997 ,
1242 2927 1278 2981 et

261 3025 490 3099 screnissimus
502 3029 878 3122 LandgraviusHassiae
897 3032 1089 3114 Danustat,
1101 3028 1274 3119 episcopus

260 3152 295 3205 et
313 3138 464 3232 princeps
484 3159 682 3233 augustanus
697 3158 874 3234 ‚putarunt
889 3142 1017 3234 optime
1034 3164 1132 3233 posse
1149 3163 1186 3212 se
1202 3139 1272 3209 suis

261 3256 469 3346 prospicere,
487 3258 609 3331 iisdem
628 3258 788 3331 exhibitis
807 3259 946 3331 Sandini
965 3259 1078 3331 libris.

307 3370 393 3437 Tam
412 3385 525 3459 aperta
543 3371 799 3441 existimationis
816 3372 940 3443 indicia
955 3372 1173 3443 litteratomm
1192 3367 1276 3441 vito·

261 3502 334 3551 rum
350 3500 427 3571 erga
447 3480 616 3552 hominem
635 3482 700 3552 sibi
719 3483 888 3573 ignotum,
902 3483 946 3555 ah
959 3506 998 3554 oo
1015 3506 1081 3553 non
1099 3482 1274 3575 qtraesita,

261 3618 328 3669 non
347 3592 536 3681 eblandita,
555 3616 621 3665 non
648 3592 754 3663 officio
773 3593 866 3667 civili
895 3612 1038 3683 extorta,
1056 3594 1212 3669 virtutem
1240 3609 1275 3677 et

262 3708 397 3787 laudem
416 3711 560 3781 hominis
572 3710 671 3803 plane
689 3710 884 3783 ostendunt.
897 3714 991 3787 lianc
1007 3737 1087 3805 prae
1100 3712 1204 3783 oculis
1217 3712 1274 3781 ha·

261 3818 338 3905 huit
356 3829 694 3923 eximiaesspientiae
712 3830 864 3903 Pontifex
880 3832 1078 3903 masuetus
1095 3830 1183 3907 xlv
1194 3881 1205 3915 ‚
1217 3826 1275 3920 qui

262 3946 306 4023 tle
332 3948 478 4021 Sandiuo
501 3948 688 4043 praeclare,
714 3949 831 4023 solitus
856 3968 1027 4045 praeterea
1045 3948 1218 4049 'quaedam
1234 3966 1276 4020 ex
