3259 4959
1187 327 1248 391 nt

233 468 380 541 tamdem
398 460 489 539 vivat
506 482 586 537 attae
595 518 606 552 ,
626 454 746 557 dignus
763 478 898 555 prorsus
924 462 983 556 qui
1001 462 1089 534 sieut
1105 456 1244 535 aliorum

233 588 381 659 laudator
399 589 590 659 meritomm
610 584 693 668 tuit,
713 583 761 653 ita
778 583 924 675 aliquem
941 581 1083 669 habeat,
1098 583 1156 673 qui
1174 581 1247 676 ejus

235 706 376 777 eximiae
395 703 499 776 animi
530 719 565 773 et
582 702 710 793 ingenii
730 701 824 772 dotes
841 701 939 795 longe
957 698 1083 795 majore
1110 716 1145 769 et
1161 698 1246 783 uhe-

232 823 317 893 riore
336 824 502 909 oratione,
517 846 616 915 quam
635 845 695 915 ego
715 819 778 892 feei
797 820 907 901 alieno
924 819 1015 914 justu
1034 835 1069 892 et
1085 817 1247 909 imperio,

232 940 489 1031 complectatur.
509 940 644 1011 Etenim
665 963 749 1011 nova
759 992 770 1025 ,
788 938 868 1009 dum
888 938 1041 1021 viveret,
1071 936 1114 1007 ad
1142 951 1248 1007 estre·

231 1077 325 1125 tuum
346 1055 521 1125 meditanti
541 1054 782 1145 impedimento
801 1050 865 1123 fuit
883 1048 1143 1145 aegra-corporia
1161 1050 1249 1121 vale·

233 1166 333 1257 tud03
352 1192 417 1259 qua
437 1169 561 1238 sensim
582 1170 850 1261 ingravescente,
880 1190 956 1237 cum
985 1188 1089 1236 aanor
1115 1163 1248 1235 circiter

232 1280 369 1373 triginta
388 1281 603 1371 regendorum
623 1280 806 1350 studiorum
831 1279 960 1351 muneri
983 1273 1249 1371 praesuaserat

231 1394 410 1464 seminarii
432 1394 565 1463 nomine
585 1394 709 1463 eximie
729 1393 886 1475 meritus,
901 1408 1041 1484 quatuor
1060 1406 1095 1461 et
1113 1405 1248 1481 capma-

236 1507 328 1597 ginta
348 1531 451 1577 anuos
470 1524 586 1592 natus,
605 1528 725 1599 magua
744 1506 848 1577 animi
863 1506 988 1599 pietate
1010 1520 1046 1575 et
1062 1503 1248 1575 mactantis

235 1626 270 1695 in
289 1628 399 1695 Deum
419 1643 566 1713 erectus,
584 1628 731 1697 discessu
751 1625 858 1697 fausto
876 1624 1011 1719 quidem
1031 1625 1098 1697 ribi
1116 1640 1153 1697 at
1170 1621 1248 1693 teli·

233 1744 263 1814 ci
285 1746 327 1813 oh
346 1770 453 1815 morer
482 1748 799 1835 innocentissimae,
827 1746 923 1818 nobie
949 1763 1060 1819 autem
1089 1744 1181 1841 gravi
1211 1756 1248 1815 ct
1303 1835 1306 1842 ¹

233 1859 351 1931 acerbo
369 1860 413 1931 ob
431 1860 547 1954 ingens
567 1862 650 1933 tanti
670 1861 732 1933 viri
761 1860 965 1933 desiderium
984 1910 997 1949 ,
1024 1861 1130 1933 sitam
1156 1882 1247 1931 com·

572 2056 905 2097 mamma

225 2195 382 2261 litmiuibur
401 2194 448 2279 issa
468 2172 616 2260 tomandm
634 2200 725 2280 perite
746 2218 779 2257 ac
799 2185 923 2259 scienter
940 2198 1119 2274 ittmrravtt5
1138 2195 1246 2264 Alba*

231 2313 278 2363 tua
298 2293 390 2361 Fortis
412 2302 443 2359 in
462 2308 580 2359 naturae
598 2297 837 2381 pervestigatione
864 2298 1030 2380 ingeniosus
1048 2313 1133 2382 atque
1162 2320 1247 2376 aucta

231 2398 334 2469 Petrus
355 2398 495 2469 Zulianus
514 2424 607 2466 rerum
634 2398 815 2489 physicarum
843 2391 1071 2484 scientissimus
1099 2407 1247 2470 Antonius

232 2504 493 2590 Cardinus,c'ujus
510 2494 626 2569 interitu
647 2518 705 2570 iton
730 2488 794 2569 dcte
813 2496 947 2570 damnum
968 2498 1096 2571 decamus
1116 2510 1252 2571 anesin·

227 2626 359 2697 genuae,
379 2624 413 2673 aa
431 2610 609 2693 potissimum
629 2611 699 2671 itate
717 2610 827 2694 poesis3
843 2613 970 2673 Joadnes
994 2606 1124 2694 Baptista
1136 2595 1247 2674 Sartoti

228 2721 260 2781 itt
289 2718 391 2781 studiis
411 2718 554 2802 politioris
580 2718 765 2780 humanitatis
796 2732 825 2781 ct
853 2717 884 2780 in
908 2707 1098 2780 severioribus
1118 2712 1247 2801 discipli·-

229 2830 297 2905 ttis,
316 2848 349 2888 ae
368 2826 521 2909 praeeipus
537 2824 694 2908 theologica
715 2825 863 2911 praeditus
880 2826 998 2908 iugeptid
1015 2824 1137 2886 natine
1149 2837 1247 2907 ptuutt

229 2949 303 3021 pto,
321 2932 421 3009 facili,
440 2934 597 3017 perspicaci
607 2959 617 3009 3
635 2934 802 2997 Matthaeus
821 2934 959 3016 Frauzoja
979 2935 1010 2995 in
1029 2932 1150 2994 scicntia
1175 2928 1248 3013 iuris

228 3036 365 3101 naturalis
385 3050 415 3098 et
434 3036 577 3119 gentium,
597 3038 681 3117 atque
711 3038 743 3099 itt
773 3032 858 3099 bouis
889 3035 1000 3106 ritibus
1019 3034 1122 3096 eximia
1149 3051 1249 3095 verat-t

228 3152 275 3201 tus
290 3164 299 3214 ς
316 3120 448 3201 ,Ιοιιπιιεελ
465 3138 591 3222 Baptista
614 3140 733 3215 Bataui,
753 3141 803 3221 qui
825 3137 968 3223 praestitit
988 3136 1142 3220 plurimum
1160 3135 1249 3197 histo·

229 3243 274 3303 tia
293 3241 502 3316 ecclesiastica,
516 3242 670 3322 latinisque
689 3243 793 3304 littaris
814 3256 844 3304 ct
862 3241 943 3325 poeti
961 3240 1080 3323 jocosa,
1100 3251 1184 3319 atqua
1202 3252 1248 3300 cta

228 3347 286 3407 iam
316 3360 375 3405 arte
395 3344 535 3427 lapidaria
542 3370 552 3421 ς
573 3349 700 3407 Juattrtea
730 3345 874 3416 Potitius,
901 3343 952 3425 qui
977 3342 1075 3426 plures
1101 3342 1247 3405 maumas

228 3450 346 3533 scripsit
364 3450 497 3528 erudite,
517 3467 601 3533 atque
621 3452 707 3515 etiam
728 3472 799 3539 opus
816 3450 852 3522 dc
872 3446 1098 3533 jurisprudentia
1110 3436 1248 3511 ccclesia*

228 3556 300 3619 utica
321 3559 472 3634 universa3
492 3580 526 3621 ac
547 3562 713 3642 pracsertim
734 3565 788 3640 (ut
808 3559 909 3621 mittut
926 3557 1030 3621 facian
1048 3559 1182 3636 tataros)
1200 3556 1248 3621 vis

227 3663 398 3743 traximus,
427 3679 458 3727 ct
485 3681 551 3728 ants
581 3686 678 3727 umnec
708 3666 779 3728 alios
807 3660 1072 3727 commemorandus
1100 3660 1249 3728 Matettor

227 3768 416 3850 Cesatottus,
443 3796 477 3837 cx
497 3798 573 3858 quo,
592 3775 677 3837 sicuti
697 3776 727 3837 iu
748 3775 913 3837 universam
927 3772 1061 3851 Italiam,
1079 3770 1120 3831 ita
1138 3769 1172 3831 in
1191 3767 1247 3830 da·

229 3890 307 3939 mum
331 3872 406 3935 hano
431 3891 578 3954 nostram,
605 3877 657 3939 uhi
682 3890 750 3937 natu
772 3891 800 3940 et
818 3877 877 3939 alta
896 3877 1018 3957 primum
1043 3886 1087 3939 cst
1106 3871 1168 3956 cjus
1186 3870 1249 3956 pla·

232 3980 295 4059 tia,
313 3994 423 4071 tantum
438 3987 593 4047 ornamenti
614 4000 643 4050 ct
661 3982 810 4070 diguitatis
831 3982 994 4049 redundat.
