3259 4959
425 382 491 478 :94
717 398 801 452 rrrr
822 397 974 453 monn
993 398 1141 454 sannnn

355 540 359 551 ·
415 526 500 595 alter
516 520 609 592 fulsit
626 518 864 611 patriarchatus
883 519 1068 612 honore(1)
1078 570 1090 605 ,
1096 519 1324 613 integerrimis
1346 538 1438 599 uter.

416 656 481 734 que
500 636 667 709 moribus.
687 638 781 726 Qrae
800 660 897 729 porro
914 635 987 730 ejus
1004 635 1110 707 auinri
1125 636 1266 726 lenitas,
1283 666 1437 716 mansue

416 754 513 840 tudo,
540 750 722 845 patientia!
751 750 875 823 Nescio
901 750 956 820 cui
983 772 1027 822 ex
1053 750 1347 843 obtrectatoribus,
1373 766 1433 850 qui

415 886 590 963 exceperat
616 890 692 941 eum
723 868 890 955 acerbior,
908 866 1069 955 Possum,
1087 868 1155 957 ait,
1173 865 1380 961 remordere,
1399 870 1433 945 si

414 988 544 1071 velirn‚·
568 987 630 1059 sed
654 986 766 1082 magis
782 986 861 1059 volo
879 1011 952 1059 esse
969 980 1153 1081 discipulus
1169 989 1258 1082 ejas,
1279 990 1338 1082 qui
1355 1017 1451 1065 curn*

414 1099 694 1189 malediceretur,
716 1124 781 1171 non
801 1094 982 1171 maledixit
996 1101 1065 1191 (a).
1083 1100 1260 1192 *Sententia
1277 1128 1357 1175 sane
1376 1107 1430 1177 di-

412 1244 476 1311 gna
495 1218 674 1289 christiano
697 1216 767 1290 viro
778 1273 788 1306 ,
800 1215 892 1314 cujus
911 1219 1000 1290 vitae
1024 1220 1136 1311 regula
1159 1234 1195 1290 et
1213 1218 1269 1291 lex
1286 1217 1424 1315 religio!

455 1332 585 1425 Religio
608 1346 680 1403 erat
701 1328 811 1427 prima
828 1330 968 1404 Sandini
987 1354 1079 1404 eura.
1103 1331 1288 1426 Religionis
1314 1360 1427 1421 amore

408 1451 541 1545 scripsit
554 1450 824 1544 Disputationes,
839 1451 1024 1539 Historias,
1036 1452 1136 1524 Vitas
1153 1450 1351 1523 Pontificum
1375 1479 1427 1525 ro·

408 1592 602 1655 manorum,
615 1568 750 1660 quibus,
763 1565 977 1639 annotatione
992 1564 1141 1664 subjecta
1151 1620 1162 1655 ,
1174 1567 1312 1640 inseruit
1327 1569 1424 1643 illam

407 1682 446 1753 B.
466 1680 616 1774 Gregorii
627 1680 802 1753 Borbodici
823 1683 878 1775 (ὅ)
888 1735 899 1770 ,
911 1699 949 1753 ut
965 1679 1019 1754 itti
1036 1704 1073 1753 se
1092 1680 1264 1773 praeberet
1277 1698 1424 1774 gratum⁸

406 1812 442 1867 et
460 1797 545 1868 alios
562 1796 634 1891 ejus
662 1820 775 1869 amore
793 1798 1001 1869 incenderet.
1032 1798 1089 1893 Ob
1105 1794 1299 1891 religionem
1326 1821 1423 1871 exer·

405 1914 529 1999 citam,
555 1906 658 1983 vitam
689 1912 785 1982 duait
811 1912 924 1983 labore
950 1912 1103 1999 assiduo,
1126 1914 1180 1985 oni
1199 1914 1301 2009 etiam
1325 1912 1422 1986 forsi-

406 2052 463 2105 tan
483 2031 656 2103 tribuenda
675 2024 746 2127 ejus
764 2054 853 2101 more
872 2052 1109 2125 praepropera.
1128 2030 1222 2103 Hanc
1240 2031 1305 2109 ille,
1316 2032 1422 2109 subiit

403 2179 480 2227 ann.
504 2153 611 2247 1751,
630 2152 701 2223 VII
730 2151 802 2221 Cal.
822 2151 927 2222 Mart.
945 2153 1064 2223 aetatis
1087 2175 1174 2223 nono
1201 2168 1236 2223 et
1255 2152 1420 2245 quinqua·

401 2266 531 2363 gesimo
548 2264 693 2337 nondum
708 2262 860 2356 expleto.
875 2260 931 2337 Ab
946 2266 1118 2358 ingruente
1130 2265 1246 2337 morbo
1258 2265 1419 2357 superfuit

365 2418 369 2433 ·
402 2408 527 2477 paucas
544 2381 659 2468 horae,
679 2378 738 2451 sed
757 2378 801 2451 ad
820 2369 976 2453 ultimum
993 2380 1058 2451 hoc
1073 2395 1240 2452 certamen
1264 2404 1302 2454 se
1323 2404 1416 2451 corn-

398 2516 571 2593 paravorat
590 2514 658 2569 tcta
676 2498 766 2567 vita.
785 2494 883 2567 finis
910 2488 1005 2566 ritae
1021 2493 1095 2590 ejus
1109 2491 1208 2569 nobis
1229 2496 1414 2583 uctmsrrs,

282 2634 284 2641 '
321 2698 323 2703 ,
399 2617 522 2687 amicis
547 2614 678 2703 tristis,
703 2615 875 2685 extraneis
901 2608 1006 2686 eriam
1033 2608 1224 2709 ignotisque
1247 2639 1315 2685 non
1340 2615 1417 2687 sine

398 2758 480 2803 cura
496 2731 571 2823 snit
596 2734 672 2825 (4).
702 2736 798 2805 IIunc
825 2736 917 2805 enirn
946 2751 1023 2805 tunc
1048 2732 1092 2805 ad
1114 2756 1171 2803 eos
1193 2744 1414 2825 propagarunt

396 2848 628 2939 ephemerides
651 2848 830 2920 litterariae
857 2846 933 2940 (5),
960 2849 1020 2920 sed
1047 2847 1111 2921 riri
1130 2872 1251 2920 nomen
1273 2848 1412 2920 ulterius

306 3012 311 3023 ·
398 2986 530 3056 semper
549 2962 619 3057 ejus
638 2986 737 3055 opera
755 2962 1006 3056 propagabant

735 3163 1065 3199 mmmmm

436 3316 486 3395 (ι)
506 3310 667 3377 Fridericus
686 3310 782 3375 Maria
803 3306 1025 3376 Gioranellius.

436 3424 485 3500 (a)
506 3422 541 3484 In
560 3422 656 3484 eaden
677 3420 798 3505 epistola
818 3416 973 3503 praemIsae
991 3420 1070 3483 Hist.
1092 3414 1229 3481 Famssiae
1248 3434 1366 3483 sacret.

435 3531 486 3609 (5)
506 3528 583 3594 Vide
603 3530 750 3593 Benedicti
766 3526 844 3590 XIII
863 3528 952 3589 vitam
973 3524 1157 3592 annotatione
1176 3528 1207 3591 6.

435 3635 485 3715 (4)
506 3635 628 3695 Tacitus
646 3637 675 3695 in
697 3636 756 3697 vita
769 3636 849 3697 'Iulii
867 3633 1020 3719 Angoolae
1039 3658 1066 3698 o.
1086 3634 1137 3713 43.

421 3739 480 3821 (ὅ)
501 3740 625 3805 NoveIle
644 3738 720 3805 della
739 3740 908 3827 repubblica
920 3741 1065 3807 Icttcraria
1082 3762 1152 3806 ann·
1174 3737 1247 3828 175¹
1262 3758 1329 3826 pag.
1343 3758 1396 3825 720
