3259 4959
409 394 473 483 slts
872 412 957 472 urat

288 620 294 627 .
399 567 535 631 mnntsns
550 548 701 635 cdrnovi,
721 570 843 632 senex,
862 544 943 616 dum
962 545 1179 639 perficerem,
1184 547 1304 641 sactus
1320 564 1417 641 stim,

401 681 440 741 nt
459 664 597 738 videtis.

447 782 513 856 Sed
539 780 621 849 haec
648 774 828 847 haetenus:
857 773 989 844 adalia
1013 798 1115 861 nunc,
1143 776 1173 845 si
1201 777 1325 868 placet.
1349 782 1421 851 Has

399 896 513 987 itaque
526 892 651 985 ingenii
671 908 705 961 et
724 890 905 959 industriae
924 890 1038 958 laudes
1053 888 1247 961 illustriores
1265 892 1422 984 AEgidius

401 1004 549 1080 reddidit
567 1007 635 1075 suis
652 1004 826 1075 virtutibus
831 1056 842 1089 ,
861 1005 896 1073 in
912 1002 1028 1093 primis
1045 1028 1122 1073 vero
1139 1007 1318 1093 modestia,
1335 1032 1421 1099 quae
1458 1047 1461 1064 ·

400 1124 547 1221 prolecto
575 1126 611 1193 in
638 1147 678 1194 eo
706 1123 901 1215 singularis.
929 1123 1112 1191 Plurimum
1140 1120 1249 1194 facere
1267 1149 1339 1195 mos
1366 1122 1420 1194 illi

403 1258 494 1324 erat,
514 1255 548 1309 ct
576 1236 755 1307 minimum
775 1235 816 1305 de
836 1259 872 1305 se
890 1233 1002 1325 loqui.
1020 1236 1057 1305 si
1078 1258 1143 1327 qua
1170 1236 1318 1329 ejusdem
1346 1262 1424 1329 ope-

406 1355 452 1425 ris
477 1352 603 1423 mentio
631 1350 742 1437 lieret,
761 1349 891 1419 solebat
911 1348 1044 1419 laudem
1064 1374 1220 1439 omnem,
1237 1352 1345 1443 quoad
1367 1376 1425 1443 po-

407 1478 508 1557 terat,
523 1469 709 1541 Facciolato
727 1468 931 1555 adscribere,
946 1492 986 1539 ao
1004 1470 1148 1560 profiteri
1167 1495 1259 1541 suam
1269 1521 1282 1558 ,
1299 1471 1425 1564 qualis-

406 1612 547 1680 cumque
575 1604 682 1673 esset,
710 1612 782 1657 csse
810 1586 986 1658 scientiam
1013 1589 1206 1658 verborum.
1235 1590 1360 1660 Omnia
1384 1590 1422 1663 in

404 1716 534 1779 ¹recessu
557 1698 734 1785 babebat,
764 1701 849 1771 nihil
877 1702 1064 1773 ostentabat
1089 1704 1125 1771 in
1151 1702 1275 1774 lronte.
1301 1705 1423 1796 Neque

399 1816 515 1891 'solum
536 1816 659 1909 ingenii
688 1816 800 1901 dotes,
819 1816 879 1885 sed
902 1818 1038 1887 virtutes
1061 1840 1192 1907 quoque
1219 1817 1426 1906 occultabat;

408 1935 493 2003 inira
512 1948 623 2003 tamen
644 1929 856 2016 dexteritate,
873 1931 1006 2022 nequis
1026 1931 1317 2002 animadverteret:
1337 1930 1426 2023 quod

408 2051 568 2122 ¹nimirum
587 2048 706 2142 probus
721 2072 793 2119 esse
812 2066 966 2142 cuperet,
980 2074 1046 2120 nou
1062 2049 1187 2121 videri.
1207 2051 1296 2121 Hinc
1312 2074 1444 2141 rogan„

409 2165 518 2251 tibus,
541 2188 598 2235 cur
621 2163 704 2235 adeo
727 2178 857 2235 mature
881 2163 1031 2256 qualibet
1054 2176 1251 2257 tempestate
1273 2162 1316 2233 de
1339 2164 1427 2235 lecto

407 2296 573 2376 turgeret,
601 2280 843 2373 respondebat,
866 2279 954 2373 quod
982 2306 1077 2353 senes
1100 2306 1219 2374 parum
1245 2278 1425 2353 admodum

409 2422 526 2471 somno
549 2401 739 2492 indigeant,
756 2418 790 2471 et
816 2400 1076 2487 admirantibus,
1103 2426 1161 2471 eur
1178 2391 1251 2492 ipse
1266 2399 1320 2470 rel
1337 2424 1430 2471 tum·

407 2522 464 2585 'atta
484 2532 608 2587 aestate
627 2513 695 2585 lere
714 2538 894 2605 numquam
914 2514 1059 2585 interdiu
1074 2517 1258 2609 quiesceret
1268 2540 1425 2607 ,repone-

409 2618 470 2705 bat
491 2633 575 2705 illud
593 2630 725 2703 scholae
744 2632 984 2705 salernitanae:
998 2628 1159 2705 sotnnurn
1167 2632 1255 2727 firge
1271 2632 1429 2706 merr'atr‘e.

410 2764 509 2824 burn.
530 2755 639 2844 Quare
657 2752 811 2823 omnibus
833 2778 925 2824 carus
939 2771 1029 2840 erat,
1048 2752 1222 2848 juvenibus
1238 2752 1429 2846 praecipue,

413 2864 456 2936 ad
475 2890 556 2957 quos
574 2888 610 2935 se
630 2864 825 2951 demittere,
845 2869 1041 2958 quibuscum
1062 2866 1272 2940 familiariter
1289 2890 1353 2936 non
1377 2864 1432 2936 de-

414 2978 612 3071 dignabatur
628 2981 765 3049 versari.
782 2980 881 3067 Quod
895 3003 974 3049 saue
986 2980 1110 3051 mirum
1122 2980 1158 3049 in
1172 2980 1307 3047 homine
1323 2994 1433 3049 aetate

411 3108 580 3191 protecto,
599 3112 634 3165 et
653 3110 768 3165 natura
785 3097 860 3189 ipsa
879 3097 921 3166 ad
940 3098 1136 3188 gravitatem
1155 3094 1359 3184 composito.

460 3216 669 3305 Quamquam
689 3213 773 3283 illud
793 3214 923 3285 virtutis
941 3232 993 3285 est
1010 3232 1161 3287 naturam
1180 3235 1275 3281 suam
1304 3231 1432 3284 versare

412 3346 448 3405 et
465 3332 662 3418 llectere,ac
680 3356 752 3403 sese
767 3332 907 3405 aliorum
926 3334 1068 3426 ingeniis
1085 3331 1351 3403 accommodare.
1368 3335 1431 3403 At-

415 3462 478 3539 que
496 3444 558 3515 hoc
576 3446 611 3515 in
631 3446 689 3516 illo
708 3447 894 3519 eminebat.
923 3448 1014 3540 Quid
1033 3448 1093 3518 illa
1110 3445 1216 3537 ipsius
1245 3442 1432 3534 aequabili-

415 3560 519 3631 tasin
542 3563 633 3631 omni
661 3559 747 3649 vita,
767 3579 801 3633 et
819 3562 910 3637 idem
934 3585 1067 3654 semper
1091 3561 1225 3645 vultus,
1253 3558 1437 3647 eademque

414 3672 522 3749 frons?
540 3680 771 3773 Occupahatur
789 3680 921 3752 assidue
939 3679 1095 3771 AEgidius
1120 3676 1156 3745 in
1175 3698 1210 3745 re
1235 3672 1434 3745 molestissi-

417 3808 491 3883 tna,
505 3818 566 3866 nec
585 3798 660 3868 ideo
678 3792 851 3891 conqueri.
871 3796 1096 3869 occurrebant
1116 3817 1216 3885 saepe
1242 3788 1437 3881 interpella·

422 3916 528 3978 tores:
548 3930 613 3977 nou
642 3926 751 3979 tamen
769 3909 829 3979 ille
849 3926 1022 4003 propterea
1042 3908 1186 3993 turbari,
1213 3905 1337 3987 immo,
1361 3924 1439 3993 per·

417 4010 496 4099 lude
523 4044 562 4094 ac
591 4024 621 4095 si
652 4046 771 4094 vacuus
797 4037 914 4112 esset,
942 4046 1057 4094 omues
1081 4020 1225 4113 benigne
1262 4016 1435 4114 excipere,
