3259 4959
418 329 486 405 506

417 467 584 558 optimum
599 464 782 535 studiorum
811 466 988 556 praecipuo
1006 464 1185 536 seminarii
1207 465 1353 559 regimen
1375 483 1451 541 cr'e-

417 586 512 654 deret
528 597 730 673 opportuna,
750 580 859 671 iisque
887 581 1020 650 titulum
1038 578 1126 650 hunc
1144 581 1318 672 praefixit:
1352 583 1448 654 Con-

417 698 618 772 siderozioni
635 724 734 792 sopra
754 698 781 768 il
804 698 1008 771 seminario.

466 822 594 890 lisdem
619 820 661 889 de
688 819 797 892 causis
826 845 846 890 a
877 816 1061 888 triumviris
1076 816 1249 888 litterariis
1270 816 1446 909 obtinuit,

421 957 464 1002 ne
491 933 527 1001 in
553 935 742 1026 theologum
765 932 986 1004 consultorem
1015 932 1217 1024 reipublieae
1241 934 1439 1024 eligeretur.

421 1046 598 1119 &emunit
621 1047 726 1118 etiarn
755 1047 903 1118 oblatum
924 1073 944 1118 a
962 1046 1129 1117 eanonieie
1157 1048 1437 1140 opitergienaibus

423 1163 641 1247 decanatum,
661 1186 723 1232 nee
739 1185 856 1254 puseus
877 1179 928 1232 est
947 1186 983 1230 se
1003 1162 1186 1232 renuntiari
1204 1162 1439 1256 archipresby·

419 1291 527 1346 terum
553 1276 807 1347 lenrlinariensie
837 1277 1021 1348 ecelesiae.
1051 1274 1175 1371 Aiebat
1203 1279 1313 1366 enim,
1335 1302 1372 1348 se
1390 1279 1437 1350 atl

421 1395 505 1465 baec
524 1419 660 1466 munere
678 1394 819 1466 minime
839 1422 859 1466 a
877 1399 951 1466 Deo
970 1397 1098 1466 venari.

463 1512 685 1581 Communem
711 1511 797 1580 bano
821 1509 1104 1582 existimationem
1124 1510 1155 1580 ei
1180 1508 1437 1586 conciliaverant

419 1627 491 1721 eius
518 1655 638 1720 opera,
656 1654 741 1722 quae
760 1630 968 1722 prodierant.
992 1633 1044 1702 Ex
1062 1630 1116 1700 bis
1135 1629 1200 1703 alia
1218 1629 1321 1702 latina
1339 1647 1438 1716 sunt,

417 1743 486 1812 alia
511 1744 615 1832 italo3
641 1744 749 1815 soluta
780 1744 867 1830 alia,
890 1745 957 1814 alia
984 1744 1083 1815 certis
1111 1743 1266 1814 conclusa
1292 1743 1433 1833 pedibus
1551 1835 1553 1842 y

415 1877 451 1936 at
470 1861 647 1934 mensuris.
662 1867 760 1934 Anno
774 1864 861 1937 1805
881 1864 991 1935 editae
1011 1879 1089 1934 sunt
1106 1862 1196 1934 illins
1216 1862 1317 1936 italae
1339 1861 1438 1934 lami-

417 1979 516 2051 liaree
532 1982 1003 2074 epistolae3ple1asqueomar
1021 1997 1133 2074 arguta
1143 1979 1289 2052 brevitas
1307 1996 1341 2051 et
1359 2005 1436 2052 con·

418 2094 580 2165 cinnitas.
601 2097 664 2166 Hir
681 2096 885 2166 clarissimus
912 2097 963 2166 vir
992 2095 1134 2168 lacobus
1160 2093 1337 2168 llllorellius
1362 2096 1435 2166 divi

417 2215 527 2285 Marri
556 2214 781 2287 bibliothecae
798 2234 926 2303 eustos,
945 2232 980 2288 et
1005 2215 1174 2301 Laetorio,
1193 2215 1272 2286 dum
1291 2216 1436 2301 vireret,

416 2336 641 2410 amicissimus
661 2339 792 2430 praeire
818 2337 922 2408 voluit
949 2337 1098 2430 eiusdem
1117 2336 1228 2406 ritem.
1249 2361 1269 2406 a
1288 2358 1324 2406 se
1340 2359 1434 2406 aecu-

416 2457 584 2528 rotissime
620 2457 790 2550 scriptum.
808 2459 875 2530 Sed
894 2481 937 2528 no
962 2459 1097 2550 longum
1112 2455 1254 2540 faniam,
1272 2454 1315 2526 de
1341 2455 1433 2526 illius

419 2575 567 2645 moribus
583 2597 687 2668 patrea
703 2573 900 2664 subjiciam.

458 2697 534 2764 Fuit
551 2697 664 2786 itaque
688 2693 823 2786 ingenio
843 2707 939 2764 acuto
956 2715 1087 2784 prorsus
1110 2709 1145 2762 et
1166 2690 1341 2781 expedito,
1365 2690 1433 2760 ali-

415 2815 547 2902 quando
574 2815 676 2886 etiarn
702 2839 767 2883 non
787 2813 873 2883 nihil
893 2811 982 2899 acri3
1000 2812 1111 2884 animo
1138 2810 1321 2882 liberaliter
1338 2812 1435 2881 insti·

415 2947 506 3019 tuto,
525 2961 546 3006 a
563 2935 660 3019 fuco,
679 2962 698 3006 a
718 2934 824 3020 fastu,
842 2933 883 3004 ab
903 2933 1122 3004 ostentatione
1137 2950 1282 3010 remoto.
1305 2933 1435 3022 Magna

416 3070 488 3121 erat
510 3051 657 3121 hominis
683 3053 871 3146 iucunditas
890 3053 1004 3123 sociali
1031 3054 1066 3122 in
1094 3069 1208 3139 coetu,
1227 3053 1299 3146 ejus
1322 3077 1437 3123 sermo

350 3210 355 3227 κ
413 3167 525 3257 lepore
543 3163 669 3235 urbano
695 3168 789 3257 quasi
819 3168 888 3237 sale
909 3191 1079 3256 aspersus3
1099 3167 1189 3238 idem
1209 3166 1312 3236 onmis
1329 3166 1364 3234 in
1390 3193 1436 3235 o-

414 3305 509 3350 mnes
520 3334 529 3367 ,
542 3280 725 3351 officinsns.
745 3286 856 3373 Quare
875 3282 990 3352 multis
1010 3299 1080 3352 erat
1094 3299 1263 3372 aceeptus,
1276 3279 1435 3350 omnibus

412 3397 588 3488 magnoin
616 3400 722 3490 pretio
747 3421 790 3467 ex
808 3397 964 3490 opinione
984 3398 1173 3468 doctrinae.
1194 3396 1247 3468 Ab
1271 3397 1341 3491 ejus
1364 3413 1436 3466 rtu-

413 3509 469 3583 tlio
488 3536 554 3582 non
570 3514 720 3584 molestia
730 3565 742 3600 ‚
757 3537 822 3582 non
837 3513 931 3583 labor
950 3537 1026 3582 eum
1053 3511 1231 3582 avocabat.
1256 3515 1296 3580 In
1314 3510 1435 3605 juren-

414 3634 776 3706 tnteminstituemlom
792 3635 979 3708 maximam
992 3633 1081 3706 vitae
1097 3650 1226 3726 portem
1251 3631 1436 3724 insumpsit

412 3749 653 3828 libentissime.

449 3871 502 3938 lte
518 3869 703 3941 seminario
720 3871 938 3962 patavino‚in
959 3895 1022 3962 quo
1041 3870 1127 3941 altns
1142 3885 1175 3939 et
1188 3865 1437 3952 educatus,ali-

412 3983 451 4058 bi
476 3985 586 4060 minus
616 3988 811 4082 quandoque
842 3987 1018 4060 honorilice
1031 4040 1042 4076 ,
1068 3983 1149 4060 alibi
1170 3980 1328 4057 meminit
1354 4003 1438 4054 curn
