<?xml version="1.0" encoding="UTF-8"?>
<!DOCTYPE html PUBLIC "-//W3C//DTD XHTML 1.0 Transitional//EN"
    "http://www.w3.org/TR/xhtml1/DTD/xhtml1-transitional.dtd">
<html xmlns="http://www.w3.org/1999/xhtml" xml:lang="en" lang="en">
 <head>
  <title>
</title>
<meta http-equiv="Content-Type" content="text/html;charset=utf-8" />
  <meta name='ocr-system' content='tesseract 3.04.00' />
  <meta name='ocr-capabilities' content='ocr_page ocr_carea ocr_par ocr_line ocrx_word'/>
</head>
<body>
  <div class='ocr_page' id='page_1' title='image "./vitaevirorumill00ferrgoog_0118.png"; bbox 0 0 3259 4959; ppageno 0'>
   <div class='ocr_carea' id='block_1_1' title="bbox 284 482 1404 941">
    <p class='ocr_par' dir='ltr' id='par_1_1' title="bbox 284 482 1404 941">
     <span class='ocr_line' id='line_1_1' title="bbox 377 482 1404 589; baseline 0 -25"><span class='ocrx_word' id='word_1_1' title='bbox 377 518 399 564; x_wconf 75' lang='lat' dir='ltr'><strong>a</strong></span> <span class='ocrx_word' id='word_1_2' title='bbox 426 487 529 559; x_wconf 84' lang='lat' dir='ltr'><strong>nolito</strong></span> <span class='ocrx_word' id='word_1_3' title='bbox 548 484 693 583; x_wconf 76' lang='lat' dir='ltr'><strong>abjicere</strong></span> <span class='ocrx_word' id='word_1_4' title='bbox 712 509 787 557; x_wconf 86' lang='lat' dir='ltr'><strong>eam</strong></span> <span class='ocrx_word' id='word_1_5' title='bbox 808 486 862 579; x_wconf 84' lang='grc' dir='ltr'><strong>(ι)</strong></span> <span class='ocrx_word' id='word_1_6' title='bbox 880 516 924 556; x_wconf 70' lang='grc' dir='ltr'><strong>υ.</strong></span> <span class='ocrx_word' id='word_1_7' title='bbox 954 485 1022 578; x_wconf 76' lang='lat' dir='ltr'><strong>Age</strong></span> <span class='ocrx_word' id='word_1_8' title='bbox 1049 482 1183 580; x_wconf 83' lang='lat' dir='ltr'><strong>itaque,</strong></span> <span class='ocrx_word' id='word_1_9' title='bbox 1199 502 1317 584; x_wconf 79' lang='lat' dir='ltr'><strong>pater,</strong></span> <span class='ocrx_word' id='word_1_10' title='bbox 1340 497 1357 589; x_wconf 92' lang='grc'>(</span> <span class='ocrx_word' id='word_1_11' title='bbox 1367 509 1404 584; x_wconf 64' lang='grc' dir='ltr'><strong>(ρ</strong></span> 
     </span>
     <span class='ocr_line' id='line_1_2' title="bbox 377 593 1403 716; baseline 0.011 -43"><span class='ocrx_word' id='word_1_12' title='bbox 377 607 470 683; x_wconf 77' lang='lat' dir='ltr'><strong>onim</strong></span> <span class='ocrx_word' id='word_1_13' title='bbox 490 617 662 696; x_wconf 76' lang='lat' dir='ltr'><strong>tanquam</strong></span> <span class='ocrx_word' id='word_1_14' title='bbox 678 612 891 698; x_wconf 83' lang='lat' dir='ltr'><em>praesentem</em></span> <span class='ocrx_word' id='word_1_15' title='bbox 911 597 1085 693; x_wconf 84' lang='lat' dir='ltr'><strong>alloquor,</strong></span> <span class='ocrx_word' id='word_1_16' title='bbox 1102 604 1184 676; x_wconf 83' lang='lat' dir='ltr'><strong>dum</strong></span> <span class='ocrx_word' id='word_1_17' title='bbox 1198 633 1273 680; x_wconf 82' lang='lat' dir='ltr'><strong>curn</strong></span> <span class='ocrx_word' id='word_1_18' title='bbox 1291 593 1403 716; x_wconf 57' lang='lat' dir='ltr'><strong>vider²</strong></span> 
     </span>
     <span class='ocr_line' id='line_1_3' title="bbox 284 723 1400 828; baseline 0.013 -36"><span class='ocrx_word' id='word_1_19' title='bbox 284 809 286 813; x_wconf 89' lang='lat'>.</span> <span class='ocrx_word' id='word_1_20' title='bbox 375 724 436 820; x_wconf 76' lang='lat' dir='ltr'><strong>qui</strong></span> <span class='ocrx_word' id='word_1_21' title='bbox 457 747 616 818; x_wconf 79' lang='lat' dir='ltr'><strong>praesens</strong></span> <span class='ocrx_word' id='word_1_22' title='bbox 640 723 763 828; x_wconf 68' lang='lat' dir='ltr'><strong>ubique</strong></span> <span class='ocrx_word' id='word_1_23' title='bbox 790 723 889 798; x_wconf 78' lang='lat' dir='ltr'><strong>adest</strong></span> <span class='ocrx_word' id='word_1_24' title='bbox 914 725 996 816; x_wconf 83' lang='lat'><em>(2))</em></span> <span class='ocrx_word' id='word_1_25' title='bbox 1026 755 1046 794; x_wconf 77' lang='lat' dir='ltr'><strong>a</strong></span> <span class='ocrx_word' id='word_1_26' title='bbox 1067 728 1195 820; x_wconf 77' lang='lat' dir='ltr'>respice</span> <span class='ocrx_word' id='word_1_27' title='bbox 1225 732 1267 802; x_wconf 90' lang='lat' dir='ltr'><strong>de</strong></span> <span class='ocrx_word' id='word_1_28' title='bbox 1290 737 1400 824; x_wconf 85' lang='lat' dir='ltr'><strong>caelo,</strong></span> 
     </span>
     <span class='ocr_line' id='line_1_4' title="bbox 375 839 1400 941; baseline 0.01 -30"><span class='ocrx_word' id='word_1_29' title='bbox 375 859 412 914; x_wconf 87' lang='lat' dir='ltr'><strong>et</strong></span> <span class='ocrx_word' id='word_1_30' title='bbox 430 841 527 929; x_wconf 85' lang='lat' dir='ltr'><strong>vide,</strong></span> <span class='ocrx_word' id='word_1_31' title='bbox 542 856 577 910; x_wconf 86' lang='lat' dir='ltr'><strong>et</strong></span> <span class='ocrx_word' id='word_1_32' title='bbox 596 839 695 910; x_wconf 81' lang='lat' dir='ltr'><strong>visita</strong></span> <span class='ocrx_word' id='word_1_33' title='bbox 714 840 846 912; x_wconf 83' lang='lat' dir='ltr'><strong>vineam</strong></span> <span class='ocrx_word' id='word_1_34' title='bbox 864 841 964 913; x_wconf 82' lang='lat' dir='ltr'><strong>irtam</strong></span> <span class='ocrx_word' id='word_1_35' title='bbox 973 857 1029 930; x_wconf 86' lang='lat' dir='ltr'><strong>,ct</strong></span> <span class='ocrx_word' id='word_1_36' title='bbox 1046 844 1167 934; x_wconf 79' lang='lat' dir='ltr'><strong>perfice</strong></span> <span class='ocrx_word' id='word_1_37' title='bbox 1185 869 1278 933; x_wconf 87' lang='lat' dir='ltr'><strong>eam,</strong></span> <span class='ocrx_word' id='word_1_38' title='bbox 1298 875 1400 941; x_wconf 74' lang='lat' dir='ltr'><strong>quana</strong></span> 
     </span>
    </p>
   </div>
   <div class='ocr_carea' id='block_1_2' title="bbox 373 956 1402 1640">
    <p class='ocr_par' dir='ltr' id='par_1_2' title="bbox 373 956 1402 1640">
     <span class='ocr_line' id='line_1_5' title="bbox 375 956 1398 1054; baseline 0.009 -27"><span class='ocrx_word' id='word_1_39' title='bbox 375 989 397 1027; x_wconf 73' lang='grc' dir='ltr'><strong><em>ν</em></strong></span> <span class='ocrx_word' id='word_1_40' title='bbox 417 957 581 1052; x_wconf 82' lang='lat' dir='ltr'><strong>plantavit</strong></span> <span class='ocrx_word' id='word_1_41' title='bbox 609 956 744 1028; x_wconf 83' lang='lat' dir='ltr'><strong>dextera</strong></span> <span class='ocrx_word' id='word_1_42' title='bbox 774 973 831 1026; x_wconf 89' lang='lat' dir='ltr'><strong>tua</strong></span> <span class='ocrx_word' id='word_1_43' title='bbox 859 958 913 1048; x_wconf 82' lang='lat'><strong>(5)</strong></span> <span class='ocrx_word' id='word_1_44' title='bbox 936 987 979 1028; x_wconf 80' lang='lat' dir='ltr'><strong>n.</strong></span> <span class='ocrx_word' id='word_1_45' title='bbox 1008 959 1109 1030; x_wconf 88' lang='lat' dir='ltr'><strong>lllum</strong></span> <span class='ocrx_word' id='word_1_46' title='bbox 1139 961 1175 1032; x_wconf 90' lang='lat' dir='ltr'><strong>in</strong></span> <span class='ocrx_word' id='word_1_47' title='bbox 1208 963 1326 1054; x_wconf 83' lang='lat' dir='ltr'><strong>primia</strong></span> <span class='ocrx_word' id='word_1_48' title='bbox 1345 990 1398 1036; x_wconf 88' lang='lat' dir='ltr'><strong>re-</strong></span> 
     </span>
     <span class='ocr_line' id='line_1_6' title="bbox 374 1071 1398 1173; baseline 0.002 -23"><span class='ocrx_word' id='word_1_49' title='bbox 374 1078 498 1170; x_wconf 71' lang='lat' dir='ltr'><strong>spice,</strong></span> <span class='ocrx_word' id='word_1_50' title='bbox 526 1078 584 1171; x_wconf 87' lang='lat' dir='ltr'><strong>qui</strong></span> <span class='ocrx_word' id='word_1_51' title='bbox 617 1078 804 1149; x_wconf 76' lang='lat' dir='ltr'><strong>seminario</strong></span> <span class='ocrx_word' id='word_1_52' title='bbox 825 1077 922 1164; x_wconf 86' lang='lat' dir='ltr'><strong>huic,</strong></span> <span class='ocrx_word' id='word_1_53' title='bbox 950 1094 986 1148; x_wconf 83' lang='lat' dir='ltr'><strong>et</strong></span> <span class='ocrx_word' id='word_1_54' title='bbox 1002 1071 1172 1158; x_wconf 71' lang='lat' dir='ltr'><strong>Ecclesiae</strong></span> <span class='ocrx_word' id='word_1_55' title='bbox 1203 1101 1334 1173; x_wconf 85' lang='lat' dir='ltr'><strong>praecrt</strong></span> <span class='ocrx_word' id='word_1_56' title='bbox 1353 1085 1398 1154; x_wconf 86' lang='lat' dir='ltr'><strong>lo.</strong></span> 
     </span>
     <span class='ocr_line' id='line_1_7' title="bbox 376 1190 1402 1286; baseline 0.008 -24"><span class='ocrx_word' id='word_1_57' title='bbox 376 1216 418 1262; x_wconf 92' lang='lat' dir='ltr'><strong>co</strong></span> <span class='ocrx_word' id='word_1_58' title='bbox 437 1193 504 1262; x_wconf 91' lang='lat' dir='ltr'><strong>tui.</strong></span> <span class='ocrx_word' id='word_1_59' title='bbox 525 1195 597 1266; x_wconf 85' lang='lat' dir='ltr'><strong>Nos</strong></span> <span class='ocrx_word' id='word_1_60' title='bbox 615 1194 701 1264; x_wconf 79' lang='lat' dir='ltr'><strong>filios</strong></span> <span class='ocrx_word' id='word_1_61' title='bbox 720 1207 813 1278; x_wconf 77' lang='lat' dir='ltr'><strong>oros,</strong></span> <span class='ocrx_word' id='word_1_62' title='bbox 836 1190 1012 1264; x_wconf 77' lang='lat' dir='ltr'><strong>referentes</strong></span> <span class='ocrx_word' id='word_1_63' title='bbox 1031 1217 1106 1281; x_wconf 82' lang='lat' dir='ltr'><strong>eoa,</strong></span> <span class='ocrx_word' id='word_1_64' title='bbox 1125 1219 1206 1286; x_wconf 83' lang='lat' dir='ltr'><strong>quoa</strong></span> <span class='ocrx_word' id='word_1_65' title='bbox 1228 1227 1247 1264; x_wconf 76' lang='lat' dir='ltr'><strong>n</strong></span> <span class='ocrx_word' id='word_1_66' title='bbox 1279 1199 1315 1268; x_wconf 90' lang='lat' dir='ltr'><strong>in</strong></span> <span class='ocrx_word' id='word_1_67' title='bbox 1339 1215 1402 1270; x_wconf 85' lang='lat' dir='ltr'><strong>ter-</strong></span> 
     </span>
     <span class='ocr_line' id='line_1_8' title="bbox 374 1307 1399 1408; baseline 0.011 -31"><span class='ocrx_word' id='word_1_68' title='bbox 374 1337 396 1377; x_wconf 67' lang='lat' dir='ltr'><strong>e</strong></span> <span class='ocrx_word' id='word_1_69' title='bbox 418 1309 464 1379; x_wconf 80' lang='lat' dir='ltr'><strong>rie</strong></span> <span class='ocrx_word' id='word_1_70' title='bbox 482 1312 604 1404; x_wconf 81' lang='lat' dir='ltr'><strong>degena</strong></span> <span class='ocrx_word' id='word_1_71' title='bbox 623 1309 757 1384; x_wconf 77' lang='lat' dir='ltr'><strong>assiduo</strong></span> <span class='ocrx_word' id='word_1_72' title='bbox 792 1307 904 1381; x_wconf 77' lang='lat' dir='ltr'><strong>fovisti</strong></span> <span class='ocrx_word' id='word_1_73' title='bbox 937 1313 1121 1404; x_wconf 78' lang='lat' dir='ltr'><strong>praesidio,</strong></span> <span class='ocrx_word' id='word_1_74' title='bbox 1141 1313 1314 1408; x_wconf 79' lang='lat' dir='ltr'><strong>vigilantia</strong></span> <span class='ocrx_word' id='word_1_75' title='bbox 1341 1342 1399 1397; x_wconf 43' lang='lat' dir='ltr'><strong>cua</strong></span> 
     </span>
     <span class='ocr_line' id='line_1_9' title="bbox 373 1422 1397 1519; baseline 0.009 -25"><span class='ocrx_word' id='word_1_76' title='bbox 373 1454 395 1494; x_wconf 78' lang='lat' dir='ltr'><strong>n</strong></span> <span class='ocrx_word' id='word_1_77' title='bbox 421 1424 574 1511; x_wconf 68' lang='lat' dir='ltr'><strong>audisti,</strong></span> <span class='ocrx_word' id='word_1_78' title='bbox 592 1424 731 1497; x_wconf 79' lang='lat' dir='ltr'><strong>consilio</strong></span> <span class='ocrx_word' id='word_1_79' title='bbox 751 1422 964 1518; x_wconf 75' lang='lat' dir='ltr'>gubernasti,</span> <span class='ocrx_word' id='word_1_80' title='bbox 985 1428 1148 1518; x_wconf 86' lang='lat' dir='ltr'><strong>patientia</strong></span> <span class='ocrx_word' id='word_1_81' title='bbox 1168 1430 1314 1502; x_wconf 78' lang='lat' dir='ltr'>tolerasti</span> <span class='ocrx_word' id='word_1_82' title='bbox 1325 1434 1397 1519; x_wconf 81' lang='lat' dir='ltr'><strong>‚vi-</strong></span> 
     </span>
     <span class='ocr_line' id='line_1_10' title="bbox 374 1538 1399 1640; baseline 0.003 -30.142"><span class='ocrx_word' id='word_1_83' title='bbox 374 1564 499 1610; x_wconf 77' lang='lat' dir='ltr'><strong>nvenr</strong></span> <span class='ocrx_word' id='word_1_84' title='bbox 518 1539 555 1614; x_wconf 88' lang='lat' dir='ltr'><strong>io</strong></span> <span class='ocrx_word' id='word_1_85' title='bbox 574 1540 698 1624; x_wconf 78' lang='lat' dir='ltr'><strong>caelio,</strong></span> <span class='ocrx_word' id='word_1_86' title='bbox 717 1538 907 1610; x_wconf 73' lang='lat' dir='ltr'><strong>fortioribus</strong></span> <span class='ocrx_word' id='word_1_87' title='bbox 927 1558 1060 1635; x_wconf 80' lang='lat' dir='ltr'><strong>protege</strong></span> <span class='ocrx_word' id='word_1_88' title='bbox 1080 1545 1273 1636; x_wconf 72' lang='lat' dir='ltr'><strong>patrociniis</strong></span> <span class='ocrx_word' id='word_1_89' title='bbox 1292 1548 1399 1640; x_wconf 77' lang='lat' dir='ltr'><strong>(4)n.</strong></span> 
     </span>
    </p>
   </div>
   <div class='ocr_carea' id='block_1_3' title="bbox 9 1659 1444 2920">
    <p class='ocr_par' dir='ltr' id='par_1_3' title="bbox 372 1659 1399 1751">
     <span class='ocr_line' id='line_1_11' title="bbox 372 1659 1399 1751; baseline 0.007 -22"><span class='ocrx_word' id='word_1_90' title='bbox 372 1659 573 1736; x_wconf 77' lang='lat' dir='ltr'><strong>Praesertim</strong></span> <span class='ocrx_word' id='word_1_91' title='bbox 591 1684 699 1745; x_wconf 88' lang='lat' dir='ltr'><strong>nunc,</strong></span> <span class='ocrx_word' id='word_1_92' title='bbox 715 1683 792 1730; x_wconf 85' lang='lat' dir='ltr'><strong>cum</strong></span> <span class='ocrx_word' id='word_1_93' title='bbox 809 1659 917 1751; x_wconf 88' lang='lat' dir='ltr'><strong>primo</strong></span> <span class='ocrx_word' id='word_1_94' title='bbox 939 1676 994 1730; x_wconf 90' lang='lat' dir='ltr'><strong>tuo</strong></span> <span class='ocrx_word' id='word_1_95' title='bbox 1013 1661 1055 1732; x_wconf 86' lang='lat' dir='ltr'><strong>ab</strong></span> <span class='ocrx_word' id='word_1_96' title='bbox 1074 1662 1166 1734; x_wconf 88' lang='lat' dir='ltr'><strong>obitu</strong></span> <span class='ocrx_word' id='word_1_97' title='bbox 1185 1663 1315 1735; x_wconf 87' lang='lat' dir='ltr'><strong>evoluto</strong></span> <span class='ocrx_word' id='word_1_98' title='bbox 1329 1689 1399 1736; x_wconf 77' lang='lat' dir='ltr'><strong>eae.</strong></span> 
     </span>
    </p>

    <p class='ocr_par' dir='ltr' id='par_1_4' title="bbox 9 1743 1444 2920">
     <span class='ocr_line' id='line_1_12' title="bbox 9 1743 1399 1883; baseline 0.006 -34.059"><span class='ocrx_word' id='word_1_99' title='bbox 9 1755 340 1883; x_wconf 41' lang='lat' dir='ltr'><strong>‘martum</strong></span> <span class='ocrx_word' id='word_1_100' title='bbox 341 1743 472 1864; x_wconf 56' lang='lat' dir='ltr'><strong>&#39;culm</strong></span> <span class='ocrx_word' id='word_1_101' title='bbox 492 1793 526 1848; x_wconf 89' lang='lat' dir='ltr'><strong>te</strong></span> <span class='ocrx_word' id='word_1_102' title='bbox 544 1779 706 1871; x_wconf 83' lang='lat' dir='ltr'><strong>ampliore</strong></span> <span class='ocrx_word' id='word_1_103' title='bbox 727 1778 854 1848; x_wconf 88' lang='lat' dir='ltr'><strong>honore</strong></span> <span class='ocrx_word' id='word_1_104' title='bbox 874 1747 1082 1871; x_wconf 80' lang='lat' dir='ltr'><strong>prosequitur</strong></span> <span class='ocrx_word' id='word_1_105' title='bbox 1093 1781 1166 1871; x_wconf 87' lang='lat'><strong>(5)</strong></span> <span class='ocrx_word' id='word_1_106' title='bbox 1177 1781 1242 1852; x_wconf 82' lang='lat' dir='ltr'><strong>Fac</strong></span> <span class='ocrx_word' id='word_1_107' title='bbox 1251 1808 1399 1874; x_wconf 87' lang='lat' dir='ltr'><strong>,quem</strong></span> 
     </span>
     <span class='ocr_line' id='line_1_13' title="bbox 374 1893 1397 1980; baseline 0.002 -14"><span class='ocrx_word' id='word_1_108' title='bbox 374 1895 555 1971; x_wconf 81' lang='lat' dir='ltr'><strong>admodum</strong></span> <span class='ocrx_word' id='word_1_109' title='bbox 580 1917 689 1965; x_wconf 84' lang='lat' dir='ltr'><strong>rerum</strong></span> <span class='ocrx_word' id='word_1_110' title='bbox 711 1910 840 1964; x_wconf 87' lang='lat' dir='ltr'><strong>tuarum</strong></span> <span class='ocrx_word' id='word_1_111' title='bbox 860 1916 993 1978; x_wconf 83' lang='lat' dir='ltr'><strong>sumna,</strong></span> <span class='ocrx_word' id='word_1_112' title='bbox 1011 1893 1060 1962; x_wconf 80' lang='lat' dir='ltr'><strong>cic</strong></span> <span class='ocrx_word' id='word_1_113' title='bbox 1079 1895 1182 1980; x_wconf 83' lang='lat' dir='ltr'><strong>etiarn</strong></span> <span class='ocrx_word' id='word_1_114' title='bbox 1201 1896 1305 1968; x_wconf 82' lang='lat' dir='ltr'><strong>simus</strong></span> <span class='ocrx_word' id='word_1_115' title='bbox 1322 1915 1397 1968; x_wconf 83' lang='lat' dir='ltr'><strong>tuac</strong></span> 
     </span>
     <span class='ocr_line' id='line_1_14' title="bbox 374 2012 1395 2106; baseline 0.005 -24"><span class='ocrx_word' id='word_1_116' title='bbox 374 2012 524 2089; x_wconf 81' lang='lat' dir='ltr'><strong>caritatis</strong></span> <span class='ocrx_word' id='word_1_117' title='bbox 542 2013 698 2084; x_wconf 82' lang='lat' dir='ltr'><strong>heredes.</strong></span> <span class='ocrx_word' id='word_1_118' title='bbox 728 2015 793 2086; x_wconf 88' lang='lat' dir='ltr'><strong>Fae</strong></span> <span class='ocrx_word' id='word_1_119' title='bbox 822 2027 913 2082; x_wconf 87' lang='lat' dir='ltr'><strong>tuam</strong></span> <span class='ocrx_word' id='word_1_120' title='bbox 940 2012 1121 2104; x_wconf 79' lang='lat' dir='ltr'><strong>imaginem</strong></span> <span class='ocrx_word' id='word_1_121' title='bbox 1147 2013 1395 2106; x_wconf 76' lang='lat' dir='ltr'><strong>exprimamus,</strong></span> 
     </span>
     <span class='ocr_line' id='line_1_15' title="bbox 270 2131 1444 2225; baseline 0.006 -25"><span class='ocrx_word' id='word_1_122' title='bbox 270 2167 274 2175; x_wconf 88' lang='lat'><strong>·</strong></span> <span class='ocrx_word' id='word_1_123' title='bbox 375 2148 414 2211; x_wconf 83' lang='lat' dir='ltr'><strong>ut</strong></span> <span class='ocrx_word' id='word_1_124' title='bbox 433 2132 475 2202; x_wconf 88' lang='lat' dir='ltr'><strong>de</strong></span> <span class='ocrx_word' id='word_1_125' title='bbox 495 2133 591 2204; x_wconf 83' lang='lat' dir='ltr'><strong>nobis</strong></span> <span class='ocrx_word' id='word_1_126' title='bbox 610 2134 735 2225; x_wconf 83' lang='lat' dir='ltr'><strong>pariter</strong></span> <span class='ocrx_word' id='word_1_127' title='bbox 757 2131 823 2202; x_wconf 90' lang='lat' dir='ltr'><strong>dici</strong></span> <span class='ocrx_word' id='word_1_128' title='bbox 842 2131 967 2224; x_wconf 78' lang='lat' dir='ltr'><strong>possit,</strong></span> <span class='ocrx_word' id='word_1_129' title='bbox 986 2132 1074 2223; x_wconf 90' lang='lat' dir='ltr'><strong>quod</strong></span> <span class='ocrx_word' id='word_1_130' title='bbox 1093 2133 1175 2205; x_wconf 90' lang='lat' dir='ltr'><strong>olim</strong></span> <span class='ocrx_word' id='word_1_131' title='bbox 1195 2133 1237 2204; x_wconf 89' lang='lat' dir='ltr'><strong>de</strong></span> <span class='ocrx_word' id='word_1_132' title='bbox 1257 2137 1402 2222; x_wconf 80' lang='lat' dir='ltr'><strong>Arcadio</strong></span> <span class='ocrx_word' id='word_1_133' title='bbox 1440 2169 1444 2180; x_wconf 94' lang='lat'>·</span> 
     </span>
     <span class='ocr_line' id='line_1_16' title="bbox 375 2250 1400 2345; baseline 0 -27"><span class='ocrx_word' id='word_1_134' title='bbox 375 2267 412 2330; x_wconf 78' lang='lat' dir='ltr'><strong>et</strong></span> <span class='ocrx_word' id='word_1_135' title='bbox 431 2252 578 2324; x_wconf 88' lang='lat' dir='ltr'><strong>Honorio</strong></span> <span class='ocrx_word' id='word_1_136' title='bbox 601 2253 714 2345; x_wconf 82' lang='lat' dir='ltr'><strong>magni</strong></span> <span class='ocrx_word' id='word_1_137' title='bbox 742 2250 925 2322; x_wconf 80' lang='lat' dir='ltr'><strong>Theodosii</strong></span> <span class='ocrx_word' id='word_1_138' title='bbox 954 2251 1031 2322; x_wconf 77' lang='lat' dir='ltr'><strong>filiis</strong></span> <span class='ocrx_word' id='word_1_139' title='bbox 1058 2252 1272 2324; x_wconf 76' lang='lat' dir='ltr'><strong>Ambrosius:</strong></span> <span class='ocrx_word' id='word_1_140' title='bbox 1291 2285 1310 2321; x_wconf 79' lang='lat' dir='ltr'><strong>n</strong></span> <span class='ocrx_word' id='word_1_141' title='bbox 1332 2258 1400 2327; x_wconf 85' lang='lat' dir='ltr'><strong>Re.</strong></span> 
     </span>
     <span class='ocr_line' id='line_1_17' title="bbox 373 2365 1401 2460; baseline -0.005 -23"><span class='ocrx_word' id='word_1_142' title='bbox 373 2397 395 2444; x_wconf 71' lang='lat'><strong>27</strong></span> <span class='ocrx_word' id='word_1_143' title='bbox 418 2368 517 2459; x_wconf 89' lang='lat' dir='ltr'><strong>liquit</strong></span> <span class='ocrx_word' id='word_1_144' title='bbox 535 2367 657 2436; x_wconf 85' lang='lat' dir='ltr'><strong>liberos</strong></span> <span class='ocrx_word' id='word_1_145' title='bbox 681 2391 779 2453; x_wconf 81' lang='lat' dir='ltr'><strong>auor,</strong></span> <span class='ocrx_word' id='word_1_146' title='bbox 798 2367 834 2435; x_wconf 87' lang='lat' dir='ltr'><strong>in</strong></span> <span class='ocrx_word' id='word_1_147' title='bbox 853 2365 974 2458; x_wconf 86' lang='lat' dir='ltr'><strong>quibus</strong></span> <span class='ocrx_word' id='word_1_148' title='bbox 1003 2389 1079 2436; x_wconf 87' lang='lat' dir='ltr'><strong>eum</strong></span> <span class='ocrx_word' id='word_1_149' title='bbox 1108 2366 1267 2439; x_wconf 85' lang='lat' dir='ltr'><strong>dehemus</strong></span> <span class='ocrx_word' id='word_1_150' title='bbox 1297 2393 1401 2460; x_wconf 84' lang='lat' dir='ltr'><strong>agno.</strong></span> 
     </span>
     <span class='ocr_line' id='line_1_18' title="bbox 373 2479 1398 2573; baseline 0.005 -23"><span class='ocrx_word' id='word_1_151' title='bbox 373 2511 394 2568; x_wconf 66' lang='grc' dir='ltr'><strong>»ρ</strong></span> <span class='ocrx_word' id='word_1_152' title='bbox 417 2504 509 2550; x_wconf 81' lang='lat' dir='ltr'><strong>scere</strong></span> <span class='ocrx_word' id='word_1_153' title='bbox 520 2533 530 2566; x_wconf 91' lang='lat'><strong><em>,</em></strong></span> <span class='ocrx_word' id='word_1_154' title='bbox 551 2481 587 2549; x_wconf 89' lang='lat' dir='ltr'><strong>in</strong></span> <span class='ocrx_word' id='word_1_155' title='bbox 607 2480 822 2571; x_wconf 85' lang='lat' dir='ltr'><strong>quibuscum</strong></span> <span class='ocrx_word' id='word_1_156' title='bbox 842 2497 876 2547; x_wconf 90' lang='lat' dir='ltr'><strong>et</strong></span> <span class='ocrx_word' id='word_1_157' title='bbox 908 2479 1074 2552; x_wconf 76' lang='lat' dir='ltr'><strong>cernimus</strong></span> <span class='ocrx_word' id='word_1_158' title='bbox 1092 2497 1127 2552; x_wconf 87' lang='lat' dir='ltr'><strong>ct</strong></span> <span class='ocrx_word' id='word_1_159' title='bbox 1153 2497 1303 2551; x_wconf 76' lang='lat' dir='ltr'><strong>tenemus</strong></span> <span class='ocrx_word' id='word_1_160' title='bbox 1323 2485 1398 2573; x_wconf 84' lang='lat'>(6)·</span> 
     </span>
     <span class='ocr_line' id='line_1_19' title="bbox 374 2583 1399 2691; baseline 0.004 -29"><span class='ocrx_word' id='word_1_161' title='bbox 374 2593 469 2667; x_wconf 84' lang='lat' dir='ltr'><strong>Mihi</strong></span> <span class='ocrx_word' id='word_1_162' title='bbox 482 2583 559 2662; x_wconf 74' lang='lat' dir='ltr'><strong>raro</strong></span> <span class='ocrx_word' id='word_1_163' title='bbox 580 2609 710 2661; x_wconf 87' lang='lat' dir='ltr'><strong>tuorum</strong></span> <span class='ocrx_word' id='word_1_164' title='bbox 729 2591 872 2670; x_wconf 81' lang='lat' dir='ltr'><strong>filiorum</strong></span> <span class='ocrx_word' id='word_1_165' title='bbox 889 2593 1029 2664; x_wconf 88' lang='lat' dir='ltr'><strong>minimo</strong></span> <span class='ocrx_word' id='word_1_166' title='bbox 1041 2596 1102 2666; x_wconf 89' lang='lat' dir='ltr'><strong>hoc</strong></span> <span class='ocrx_word' id='word_1_167' title='bbox 1118 2595 1238 2665; x_wconf 83' lang='lat' dir='ltr'><strong>saltam</strong></span> <span class='ocrx_word' id='word_1_168' title='bbox 1252 2613 1399 2691; x_wconf 72' lang='lat' dir='ltr'><strong>praesta,</strong></span> 
     </span>
     <span class='ocr_line' id='line_1_20' title="bbox 374 2691 1402 2799; baseline 0.007 -24"><span class='ocrx_word' id='word_1_169' title='bbox 374 2737 395 2782; x_wconf 74' lang='lat' dir='ltr'><strong>n</strong></span> <span class='ocrx_word' id='word_1_170' title='bbox 420 2705 573 2797; x_wconf 88' lang='lat' dir='ltr'><strong>ut,quod</strong></span> <span class='ocrx_word' id='word_1_171' title='bbox 593 2704 757 2796; x_wconf 86' lang='lat' dir='ltr'><strong>reliquum</strong></span> <span class='ocrx_word' id='word_1_172' title='bbox 773 2721 824 2774; x_wconf 83' lang='lat' dir='ltr'><strong>ost</strong></span> <span class='ocrx_word' id='word_1_173' title='bbox 843 2705 954 2778; x_wconf 79' lang='lat' dir='ltr'><strong>labilia</strong></span> <span class='ocrx_word' id='word_1_174' title='bbox 973 2705 1076 2799; x_wconf 75' lang='lat' dir='ltr'><strong>huius</strong></span> <span class='ocrx_word' id='word_1_175' title='bbox 1091 2707 1242 2779; x_wconf 86' lang='lat' dir='ltr'><strong>curriculi</strong></span> <span class='ocrx_word' id='word_1_176' title='bbox 1253 2691 1402 2790; x_wconf 50' lang='lat' dir='ltr'><strong>senectui</strong></span> 
     </span>
     <span class='ocr_line' id='line_1_21' title="bbox 375 2823 1113 2920; baseline 0.001 -25"><span class='ocrx_word' id='word_1_177' title='bbox 375 2853 396 2918; x_wconf 65' lang='grc' dir='ltr'><strong>γ</strong></span> <span class='ocrx_word' id='word_1_178' title='bbox 420 2827 462 2896; x_wconf 83' lang='lat' dir='ltr'><strong>tia</strong></span> <span class='ocrx_word' id='word_1_179' title='bbox 471 2877 483 2912; x_wconf 89' lang='lat'>‚</span> <span class='ocrx_word' id='word_1_180' title='bbox 503 2823 665 2896; x_wconf 74' lang='lat' dir='ltr'><strong>inoffenso</strong></span> <span class='ocrx_word' id='word_1_181' title='bbox 684 2824 769 2916; x_wconf 84' lang='lat' dir='ltr'><strong>pede</strong></span> <span class='ocrx_word' id='word_1_182' title='bbox 788 2847 974 2917; x_wconf 86' lang='lat' dir='ltr'><strong>percurram</strong></span> <span class='ocrx_word' id='word_1_183' title='bbox 994 2826 1047 2920; x_wconf 81' lang='lat'><strong>(7)</strong></span> <span class='ocrx_word' id='word_1_184' title='bbox 1069 2857 1113 2896; x_wconf 80' lang='lat' dir='ltr'><strong>n.</strong></span> 
     </span>
    </p>
   </div>
   <div class='ocr_carea' id='block_1_4' title="bbox 722 3031 1056 3062">
    <p class='ocr_par' dir='ltr' id='par_1_5' title="bbox 722 3031 1056 3062">
     <span class='ocr_line' id='line_1_22' title="bbox 722 3031 1056 3062; baseline 0.003 -2"><span class='ocrx_word' id='word_1_185' title='bbox 722 3031 1056 3062; x_wconf 55' lang='lat' dir='ltr'><strong>mmm</strong></span> 
     </span>
    </p>
   </div>
   <div class='ocr_carea' id='block_1_5' title="bbox 371 3171 1391 3991">
    <p class='ocr_par' dir='ltr' id='par_1_6' title="bbox 415 3171 928 3252">
     <span class='ocr_line' id='line_1_23' title="bbox 415 3171 928 3252; baseline 0.006 -19"><span class='ocrx_word' id='word_1_186' title='bbox 415 3175 471 3252; x_wconf 86' lang='grc' dir='ltr'><strong>(ι)</strong></span> <span class='ocrx_word' id='word_1_187' title='bbox 492 3171 628 3234; x_wconf 80' lang='lat' dir='ltr'><strong>Proverh.</strong></span> <span class='ocrx_word' id='word_1_188' title='bbox 650 3172 735 3238; x_wconf 82' lang='lat' dir='ltr'><strong>Vili.</strong></span> <span class='ocrx_word' id='word_1_189' title='bbox 756 3193 786 3236; x_wconf 74' lang='lat' dir='ltr'><strong>v.</strong></span> <span class='ocrx_word' id='word_1_190' title='bbox 808 3174 858 3236; x_wconf 83' lang='lat'><strong>32.</strong></span> <span class='ocrx_word' id='word_1_191' title='bbox 878 3175 928 3236; x_wconf 76' lang='lat'><strong>33.</strong></span> 
     </span>
    </p>

    <p class='ocr_par' dir='ltr' id='par_1_7' title="bbox 377 3277 1391 3451">
     <span class='ocr_line' id='line_1_24' title="bbox 415 3277 1391 3368; baseline 0.002 -26"><span class='ocrx_word' id='word_1_192' title='bbox 415 3283 465 3362; x_wconf 85' lang='lat'><strong>(2)</strong></span> <span class='ocrx_word' id='word_1_193' title='bbox 487 3282 629 3342; x_wconf 78' lang='lat' dir='ltr'><strong>Batonius</strong></span> <span class='ocrx_word' id='word_1_194' title='bbox 649 3283 681 3343; x_wconf 89' lang='lat' dir='ltr'><strong>in</strong></span> <span class='ocrx_word' id='word_1_195' title='bbox 700 3295 772 3364; x_wconf 73' lang='lat' dir='ltr'><strong>grat.</strong></span> <span class='ocrx_word' id='word_1_196' title='bbox 795 3284 908 3344; x_wconf 83' lang='lat' dir='ltr'><strong>actione</strong></span> <span class='ocrx_word' id='word_1_197' title='bbox 928 3281 961 3342; x_wconf 87' lang='lat' dir='ltr'><strong>B.</strong></span> <span class='ocrx_word' id='word_1_198' title='bbox 982 3279 1056 3364; x_wconf 77' lang='lat' dir='ltr'><strong>patri</strong></span> <span class='ocrx_word' id='word_1_199' title='bbox 1076 3277 1209 3364; x_wconf 80' lang='lat' dir='ltr'><strong>Philippo</strong></span> <span class='ocrx_word' id='word_1_200' title='bbox 1222 3277 1314 3344; x_wconf 80' lang='lat' dir='ltr'><strong>Nerio</strong></span> <span class='ocrx_word' id='word_1_201' title='bbox 1332 3301 1391 3368; x_wconf 61' lang='lat' dir='ltr'><strong>lm</strong></span> 
     </span>
     <span class='ocr_line' id='line_1_25' title="bbox 377 3381 902 3451; baseline -0.006 -1"><span class='ocrx_word' id='word_1_202' title='bbox 377 3381 518 3450; x_wconf 72' lang='lat' dir='ltr'><strong>dandib.</strong></span> <span class='ocrx_word' id='word_1_203' title='bbox 536 3385 735 3447; x_wconf 79' lang='lat' dir='ltr'><strong>ecclesiasticis</strong></span> <span class='ocrx_word' id='word_1_204' title='bbox 755 3387 797 3448; x_wconf 89' lang='grc' dir='ltr'><strong>Τ.</strong></span> <span class='ocrx_word' id='word_1_205' title='bbox 815 3387 902 3451; x_wconf 78' lang='lat' dir='ltr'><strong>Vm.</strong></span> 
     </span>
    </p>

    <p class='ocr_par' dir='ltr' id='par_1_8' title="bbox 371 3491 855 3677">
     <span class='ocr_line' id='line_1_26' title="bbox 419 3491 855 3574; baseline 0.002 -22"><span class='ocrx_word' id='word_1_206' title='bbox 419 3492 469 3572; x_wconf 70' lang='grc' dir='ltr'><strong>(ὅ)</strong></span> <span class='ocrx_word' id='word_1_207' title='bbox 493 3491 595 3553; x_wconf 72' lang='lat' dir='ltr'><strong>Prata.</strong></span> <span class='ocrx_word' id='word_1_208' title='bbox 617 3512 665 3574; x_wconf 81' lang='lat'><strong>79.</strong></span> <span class='ocrx_word' id='word_1_209' title='bbox 686 3511 715 3552; x_wconf 84' lang='lat' dir='ltr'><strong>v.</strong></span> <span class='ocrx_word' id='word_1_210' title='bbox 739 3491 785 3552; x_wconf 81' lang='lat'><strong>15.</strong></span> <span class='ocrx_word' id='word_1_211' title='bbox 809 3493 855 3554; x_wconf 80' lang='grc'><strong>16.</strong></span> 
     </span>
     <span class='ocr_line' id='line_1_27' title="bbox 371 3593 781 3677; baseline 0.002 -22"><span class='ocrx_word' id='word_1_212' title='bbox 371 3599 378 3607; x_wconf 83' lang='grc'><em>’</em></span> <span class='ocrx_word' id='word_1_213' title='bbox 418 3597 469 3676; x_wconf 73' lang='grc'><strong>(4)</strong></span> <span class='ocrx_word' id='word_1_214' title='bbox 491 3595 629 3656; x_wconf 79' lang='lat' dir='ltr'><strong>Batonius</strong></span> <span class='ocrx_word' id='word_1_215' title='bbox 648 3593 712 3677; x_wconf 71' lang='lat' dir='ltr'><strong>ioco</strong></span> <span class='ocrx_word' id='word_1_216' title='bbox 730 3595 781 3657; x_wconf 83' lang='lat' dir='ltr'><strong>cit.</strong></span> 
     </span>
    </p>

    <p class='ocr_par' dir='ltr' id='par_1_9' title="bbox 418 3701 939 3784">
     <span class='ocr_line' id='line_1_28' title="bbox 418 3701 939 3784; baseline -0.004 -20"><span class='ocrx_word' id='word_1_217' title='bbox 418 3705 469 3784; x_wconf 81' lang='lat'><strong>(5)</strong></span> <span class='ocrx_word' id='word_1_218' title='bbox 491 3701 570 3767; x_wconf 85' lang='lat' dir='ltr'><strong>Vide</strong></span> <span class='ocrx_word' id='word_1_219' title='bbox 588 3703 802 3778; x_wconf 83' lang='lat' dir='ltr'><strong>annotationem</strong></span> <span class='ocrx_word' id='word_1_220' title='bbox 823 3723 888 3784; x_wconf 77' lang='lat' dir='ltr'><strong>pag.</strong></span> <span class='ocrx_word' id='word_1_221' title='bbox 909 3705 939 3764; x_wconf 81' lang='grc' dir='ltr'><strong>Β.</strong></span> 
     </span>
    </p>

    <p class='ocr_par' dir='ltr' id='par_1_10' title="bbox 414 3799 1119 3886">
     <span class='ocr_line' id='line_1_29' title="bbox 414 3799 1119 3886; baseline -0.001 -18"><span class='ocrx_word' id='word_1_222' title='bbox 414 3807 467 3886; x_wconf 85' lang='grc'><strong>(6)</strong></span> <span class='ocrx_word' id='word_1_223' title='bbox 490 3808 524 3867; x_wconf 83' lang='lat' dir='ltr'><strong>Ia</strong></span> <span class='ocrx_word' id='word_1_224' title='bbox 543 3806 627 3870; x_wconf 88' lang='lat' dir='ltr'><strong>Orat.</strong></span> <span class='ocrx_word' id='word_1_225' title='bbox 648 3803 685 3864; x_wconf 90' lang='lat' dir='ltr'><strong>de</strong></span> <span class='ocrx_word' id='word_1_226' title='bbox 702 3803 784 3864; x_wconf 85' lang='lat' dir='ltr'><strong>obitu</strong></span> <span class='ocrx_word' id='word_1_227' title='bbox 805 3802 969 3865; x_wconf 83' lang='lat' dir='ltr'><strong>Theodosii</strong></span> <span class='ocrx_word' id='word_1_228' title='bbox 988 3821 1066 3867; x_wconf 80' lang='lat' dir='ltr'><strong>num.</strong></span> <span class='ocrx_word' id='word_1_229' title='bbox 1088 3799 1119 3866; x_wconf 85' lang='grc'><strong>6.</strong></span> 
     </span>
    </p>

    <p class='ocr_par' dir='ltr' id='par_1_11' title="bbox 418 3906 785 3991">
     <span class='ocr_line' id='line_1_30' title="bbox 418 3906 785 3991; baseline -0.016 -20"><span class='ocrx_word' id='word_1_230' title='bbox 418 3911 470 3991; x_wconf 85' lang='lat'><strong>(7)</strong></span> <span class='ocrx_word' id='word_1_231' title='bbox 492 3909 630 3971; x_wconf 85' lang='lat' dir='ltr'><strong>Baronior</strong></span> <span class='ocrx_word' id='word_1_232' title='bbox 648 3908 714 3969; x_wconf 89' lang='lat' dir='ltr'><strong>loco</strong></span> <span class='ocrx_word' id='word_1_233' title='bbox 734 3906 785 3966; x_wconf 89' lang='lat' dir='ltr'><strong>cit.</strong></span> 
     </span>
    </p>
   </div>
   <div class='ocr_carea' id='block_1_6' title="bbox 0 0 1634 4959">
    <p class='ocr_par' dir='ltr' id='par_1_12' title="bbox 0 0 1634 4959">
     <span class='ocr_line' id='line_1_31' title="bbox 0 0 1634 4959; baseline 0 1"><span class='ocrx_word' id='word_1_234' title='bbox 0 0 1634 4959; x_wconf 95' lang='lat' dir='ltr'><strong> </strong></span> 
     </span>
    </p>
   </div>
  </div>
 </body>
</html>
