3259 4959
580 374 720 431 rosanus
740 372 855 428 ussum
1172 343 1238 437 257

218 492 367 587 stipulus
395 506 619 583 propugnator
650 490 740 559 visus
773 506 826 559 est
857 486 987 579 optime
1023 484 1059 555 in
1088 484 1239 579 ejusdem

219 610 351 703 linguae
372 609 608 681 exercitatione
632 607 776 677 versari.
807 604 887 676 Fuit
912 603 969 681 hio
995 603 1164 675 usuum
1189 605 1242 675 0.

220 729 384 825 prandus,
402 729 460 820 qui
488 744 601 831 postca
630 724 909 818 archipresbyteri
926 723 1099 814 'dignitate
1124 736 1239 798 sucuro

222 843 366 917 decessit
385 842 533 936 pluribus
557 840 679 911 abhinc
699 840 810 919 annis,

268 962 407 1032 Pasinus
434 962 570 1032 interim
599 960 777 1031 atestinum
807 957 1038 1029 canonisatum
1064 950 1241 1037 obtinuit,

223 1098 323 1168 quem
342 1100 418 1146 curu
438 1075 504 1146 alio
523 1092 636 1166 postea
652 1074 835 1143 sacerdotio
852 1069 1052 1143 cathedralis
1080 1065 1241 1138 ecclesiae

223 1193 418 1288 patavinae,
442 1204 606 1261 annuente
634 1188 816 1279 episcopo,
846 1182 1084 1259 commutavit.
1112 1182 1241 1271 Magno

224 1314 283 1389 ille
302 1315 337 1382 in
358 1312 480 1381 honore
499 1326 551 1379 est
569 1308 702 1377 habitus
720 1332 740 1385 a
759 1306 839 1377 viris
867 1302 1026 1376 litteratis
1045 1299 1148 1371 etiem
1172 1298 1243 1390 pri.

225 1432 274 1504 sui
293 1428 418 1500 ordinis
442 1445 477 1497 et
495 1426 667 1497 subsellii.
692 1428 731 1496 ln
759 1422 1011 1518 ephemeridem
1036 1417 1085 1494 rei
1113 1417 1244 1489 littera-

227 1546 295 1613 risu
316 1541 410 1611 libris
423 1542 547 1633 passim
568 1540 608 1611 de
624 1541 745 1612 Pasino
764 1538 1000 1633 perhonorifice
1020 1537 1097 1627 (1);
1113 1534 1242 1603 etFao-

226 1656 366 1725 uiolatus
384 1657 418 1724 in
438 1656 506 1725 suis
525 1656 638 1725 latinis
656 1656 807 1746 epistolis
831 1655 874 1724 ad
898 1651 1157 1723 litteratissimus
1186 1647 1240 1715 vi.

195 1780 201 1794 '
227 1798 280 1851 tos
291 1798 448 1867 3quorum
461 1777 536 1845 aliis
552 1777 656 1846 mittit
674 1776 824 1870 ejusdem
846 1785 947 1866 opera
962 1774 1032 1865 (a),
1044 1772 1121 1843 aliis
1132 1771 1244 1860 ipsum

225 1887 323 1976 quasi
342 1888 459 1959 ducem
487 1889 528 1959 ad
548 1889 722 1960 orientalia
749 1889 860 1960 studia
885 1888 1042 1979 proponit
1061 1888 1139 1977 (3).
1158 1882 1247 1952 Hine

228 2018 358 2071 exteras
377 2026 505 2095 quoque
524 2005 674 2094 regiones
693 2001 805 2072 Pasini
829 2000 918 2071 fama
937 2000 1101 2091 peruasit.

276 2118 372 2195 Anno
391 2118 503 2206 itaque
519 2138 606 2209 1720
618 2114 801 2185 Tarrrinum
820 2116 944 2183 accitus
957 2110 1246 2182 honorificentissi.

231 2254 287 2301 mo
316 2233 404 2300 sardi
432 2234 518 2323 regis
547 2234 698 2315 decreto,
719 2230 959 2321 splendidoque
986 2228 1152 2319 stipendio
1170 2229 1225 2318 (4)
1237 2277 1250 2311 ,

232 2368 360 2419 sacram
374 2346 577 2437 Scriptorum
596 2363 630 2415 et
647 2348 777 2439 linguas
797 2346 840 2417 sd
857 2370 932 2415 eam
952 2344 1153 2437 pertinentes
1169 2367 1248 2433 pro‘-

228 2464 337 2535 iussus
367 2484 418 2535 est
444 2467 479 2535 in
511 2466 644 2557 publica
673 2466 732 2537 illa
751 2468 861 2559 regiae
880 2464 1024 2535 diritatis
1044 2461 1245 2534 Academia.

226 2580 385 2659 -Lutioam
404 2604 534 2673 quoque
558 2579 740 2651 orationem
764 2580 882 2651 hahuit
901 2580 1008 2672 primo
1026 2582 1176 2669 ingressu
1203 2577 1247 2647 de

232 2695 429 2769 necessitate
457 2693 642 2785 linguarum
664 2694 898 2779 orientalium,
923 2694 1098 2785 praecipue
1119 2691 1249 2761 hebrai·

229 2834 311 2897 uae,
331 2811 524 2903 adplenum
547 2813 581 2883 S.
601 2810 789 2905 Scripturas
809 2813 1086 2903 intelligentiam,
1105 2834 1190 2901 quae
1208 2832 1246 2890 e·

226 2929 413 3008 rediturum
443 2932 586 3001 virorum
612 2931 737 3025 judioio
764 2932 915 3023 proxime
943 2931 987 3001 ad
1015 2952 1089 2999 earn
1119 2930 1249 3002 aceedit

235 3066 334 3151 quant
349 3043 392 3128 ad
409 3043 443 3128 S·
453 3043 657 3151 scripturam
676 3045 766 3118 idem
779 3045 941 3119 habuerat
958 3045 1162 3132 Fasciolatus
1172 3069 1248 3119 curu

576 3280 920 3325 cummium.

279 3471 328 3551 (ι)
349 3470 487 3535 Glorosle
507 3470 555 3534 dsi
573 3472 715 3535 Lettsrsti
736 3472 859 3535 d'Italia
878 3476 921 3537 Τ.
940 3474 1053 3542 XXVI
1070 3495 1135 3558 pag.
1156 3476 1247 3552 4⁶64

238 3580 327 3647 Turn.
359 3580 504 3646 XXXIV
531 3591 583 3642 srt.
618 3602 663 3641 ια.
691 3602 758 3677 pag.
782 3580 850 3671 456.
877 3582 968 3670 ⁴5⁸st
999 3584 1090 3655 Tum.
1117 3581 1248 3656 XXXV

237 3697 294 3753 ut..
310 3685 369 3747 XI.
389 3706 453 3769 psg.
475 3688 544 3769 275.

281 3787 331 3863 (2)
351 3786 445 3867 Epist.
465 3788 515 3864 45.
536 3786 573 3849 ad
591 3792 639 3852 Jo.
659 3790 840 3855 Fabricium.

278 3888 329 3966 (3)
350 3888 445 3972 Epist.
463 3890 512 3952 dd.
532 3888 570 3953 sd
588 3891 745 3977 Theophil.
764 3894 901 3987 sigefrid.
923 3898 1079 3985 byssum

280 3990 329 4081 (4)
351 3993 420 4061 Lirs
438 3992 625 4076 pienuuteusi
643 3997 737 4073 2309.
