3259 4959
521 380 607 432 ama
627 381 730 432 neam
749 379 910 432 succrour
1158 361 1226 436 sao

258 500 374 592 Itaque
392 500 525 592 cognita
550 499 642 570 illius
667 498 787 590 peritia
805 499 841 568 in
858 495 1108 570 humanioribus
1132 521 1229 590 prae·

217 618 339 686 sertim
351 617 492 704 litteris,
510 617 643 709 eiigitur
660 617 695 686 in
714 615 891 688 seminarii
916 616 1128 708 magistmm.
1148 615 1231 686 Suas

216 757 296 829 opes
323 733 468 805 consone
486 733 616 828 jubetur
627 733 670 803 ad
684 757 779 803 usum
793 733 878 818 loei,
891 733 978 804 unde
996 735 1071 804 illas
1085 732 1229 803 ubertim

215 850 389 923 hauserat.
413 851 850 924 Iittsrarite'institutionia
878 877 996 924 munus
1024 867 1170 936 exortus,
1198 865 1233 920 et

216 964 258 1034 ad
285 966 401 1037 altiora
419 967 582 1060 gradatim
609 991 741 1059 semper
768 967 948 1041 ascendens
968 967 1011 1038 ad
1034 967 1231 1036 rhetoricam

215 1080 385 1174 pervenit.
411 1080 464 1150 Ibi
495 1105 559 1148 non
589 1104 653 1148 ono
683 1080 797 1151 labore
814 1081 997 1152 exereitus.
1022 1077 1233 1170 Quotidianis

215 1194 307 1265 enim
334 1191 604 1284 occupationibus
627 1192 693 1261 alia
712 1192 914 1266 extrinsecus
933 1215 1121 1264 accessere.
1139 1193 1234 1262 Lati-

216 1311 322 1382 nitate
346 1311 481 1382 donavit
502 1310 621 1383 Jacobi
649 1311 766 1403 Sponii
790 1312 838 1382 rei
869 1311 1074 1403 antiquariae
1098 1313 1236 1384 selectas

217 1431 442 1523 quaestiones,
456 1431 498 1500 ab
516 1431 633 1500 eodem
649 1431 767 1524 gallice
785 1431 942 1524 scriptas,
956 1447 990 1500 et
1001 1432 1036 1500 in
1049 1427 1155 1500 varias
1172 1430 1239 1499 dis·

219 1544 414 1616 tentationes
445 1543 671 1629 distributas,
693 1544 825 1636 'quibus
859 1543 1007 1630 nummi,
1036 1543 1235 1638 anaglypta,

219 1680 367 1748 statuae,
396 1665 525 1734 musiva
549 1681 584 1734 et
602 1664 835 1757 inscriptiones
859 1665 1034 1757 antiquae,
1053 1663 1167 1734 multis
1194 1683 1238 1737 et

221 1801 297 1850 aare
316 1777 453 1872 adjectis
472 1779 605 1871 figuris,
625 1779 829 1850 illustrantur
847 1781 923 1870 (r).

266 1897 361 1968 Idem
379 1899 514 1991 insuper
531 1899 628 1972 Latio
647 1897 740 1969 dedit
758 1897 964 1969 Marohionis
982 1896 1147 1988 Scipionis
1166 1899 1241 1970 Ma·

220 2011 312 2108 pheji
339 2014 380 2084 de
411 2013 664 2106 amphitheatris
690 2012 823 2085 Galliae
846 2012 1022 2102 epistolam
1047 2011 1161 2082 italarn
1195 2011 1238 2081 ad

77 2170 82 2192 ι
222 2131 452 2204 Marehionem
482 2131 645 2200 Joannem
678 2126 839 2196 Polenum
870 2125 904 2192 in
933 2123 1066 2214 publico
1085 2127 1240 2216 patavino

224 2247 410 2337 Gymnaaio
428 2247 616 2316 matheseos
632 2241 932 2334 professorem(2).
946 2246 988 2312 Et
1008 2241 1144 2311 alteram
1156 2241 1238 2337 ejus-

223 2359 301 2428 dem
318 2357 472 2452 Maphaii
492 2358 536 2428 <ie
567 2357 711 2448 antiquis
729 2357 862 2428 Galliae
882 2353 1019 2426 theatris
1040 2356 1082 2428 ad
1101 2357 1241 2428 Bernar-

225 2473 340 2544 dinurn
371 2473 572 2544 Zandrinum
600 2472 832 2543 serenissimae
869 2487 1004 2542 venetae
1040 2471 1241 2564 reipublicae

226 2590 500 2663 mathematicum
521 2592 599 2683 (3).
652 2619 656 2631 ·

261 2710 349 2780 Hinc
368 2727 500 2780 erectus
512 2727 563 2781 est
582 2710 625 2780 ad
642 2710 789 2780 scholam
808 2709 1026 2797 Academiae,
1037 2731 1149 2782 earum
1164 2707 1243 2782 iati-

227 2823 261 2894 le
291 2822 496 2916 prinoipem,
525 2847 610 2916 quae
639 2825 851 2896 humaniores
880 2826 1005 2896 litteras
1033 2825 1240 2918 profitentur.

228 2937 294 3009 Hie
320 2962 396 3008 suos
423 2938 588 3010 auditores
615 2963 769 3010 exercere
793 2939 922 3010 solebat
941 2939 1186 3012 accuratissime
1207 2939 1243 3009 in

227 3075 263 3122 re
287 3055 415 3144 poetica
442 3069 477 3122 et
504 3052 667 3141 oratoria3
696 3054 739 3123 ad
765 3069 937 3145 utramque
965 3077 1021 3123 eos
1048 3051 1247 3135 informabat

225 3172 362 3261 optimis
398 3174 583 3265 praeceptis
614 3173 765 3266 pariter,
805 3191 839 3244 et
871 3173 1056 3264 exemplis.
1085 3171 1180 3244 Neve
1211 3174 1247 3243 in

228 3288 403 3360 scribendo
419 3309 583 3378 errarent,
603 3307 780 3384 antequam
798 3291 842 3363 ad
861 3292 898 3362 id
915 3292 1166 3383 aggrederentur
1172 3315 1248 3378 ,ro-

582 3524 913 3554 ἫΜΜΜΜΜΜ

18 3601 23 3644 ι

18 3700 25 3765 'a
278 3690 327 3770 (r)
349 3686 449 3750 Poleui
478 3687 509 3747 in
530 3707 660 3748 mmanas
688 3699 717 3748 et
735 3706 850 3768 graecas
880 3685 1060 3771 antiquitates
1079 3706 1157 3756 nora·
1173 3675 1250 3780 Smi-

236 3795 404 3883 piamenta.
423 3797 513 3858 Tora.
534 3795 590 3860 IV.
611 3815 679 3878 pag.
698 3793 768 3877 369.

276 3901 326 3978 (2)
348 3901 437 3960 Tom.
456 3899 501 3964 V.
518 3895 646 3978 ejusdem
662 3897 757 3984 operis
776 3917 843 3986 pag.
863 3899 934 3986 ⁵¹².-

278 4005 331 4088 (ὅ)
351 4002 463 4069 lhidera
481 4025 547 4090 paq.
566 4004 637 4084 864.
