3259 4959
555 372 706 426 sosnnrs
724 373 898 422 snonsmr
1175 343 1241 440 541

224 494 346 586 etipse
363 491 488 585 aliquid
509 491 698 564 domesticis
713 517 756 562 ex
774 493 940 562 historiis.
962 495 1072 582 Quare
1091 469 1255 593 scripsitJ

225 610 274 679 uti
293 607 512 693 diximus,tle
521 606 616 692 sacto
635 603 834 690 Moechiae,
848 607 933 696 quod
953 608 1083 674 saeculo
1105 607 1245 698 contigit

225 722 311 806 XII,
340 737 374 790 et
400 739 451 792 est
470 721 557 812 epod
576 720 752 788 Paterinos
779 718 814 785 in
835 719 952 810 primis
971 719 1119 788 celebre.
1148 722 1244 788 Tune

224 840 314 908 enim
343 841 414 926 illi,
432 857 466 910 et
485 839 645 908 finitimae
673 838 825 908 civitates
846 865 864 906 a
884 839 1042 910 cherico
1071 839 1088 908 1
1124 841 1246 908 unani-

222 979 294 1028 mes
325 959 525 1030 discessere.
560 961 744 1028 Occurrunt
775 978 887 1026 eutem
920 959 956 1026 in
988 957 1051 1026 hoc
1086 960 1242 1048 opusculo

220 1077 345 1169 passim
366 1079 470 1148 multa
489 1079 531 1148 de
560 1079 708 1146 ructibus
733 1093 768 1146 et
795 1075 1088 1146 consuetudinibus
1108 1077 1240 1148 illorum

222 1213 429 1288 tcmpomm3
459 1219 543 1285 quae
570 1219 644 1263 cum
665 1193 832 1264 veteribus
857 1195 1078 1264 monumentis
1098 1197 1245 1278 nitantur

219 1315 353 1399 omnia,
372 1313 512 1383 mirifice
529 1315 697 1383 illustrant
713 1315 906 1403 opusculum
927 1313 1061 1402 ipsum,
1081 1330 1114 1388 et
1138 1337 1242 1384 remo·

220 1428 315 1496 tioris
332 1427 455 1497 saeculi
477 1427 566 1496 illius
586 1426 779 1496 historiam.
804 1426 857 1496 Ibi
886 1428 1042 1496 nonnulla
1068 1429 1262 1498 Brunatiue'

219 1562 352 1614 revocet
371 1571 391 1614 a
418 1571 454 1614 se
473 1546 562 1616 dicta
580 1546 615 1614 in
633 1544 720 1614 libro
747 1541 791 1614 de
814 1568 851 1613 re
878 1543 1032 1614 numeria
1051 1544 1236 1617 Patavino-

221 1679 316 1726 nnn.

270 1777 363 1846 llaec
382 1776 541 1846 scribenti
561 1778 645 1847 milri
666 1778 732 1848 elia
750 1801 786 1847 se
805 1775 902 1848 offert
920 1778 1068 1848 Brunstii
1096 1778 1238 1870 epistola

219 1895 264 1966 de
282 1896 375 1965 cultu
393 1894 459 1965 lini
474 1897 565 1988 opud
582 1894 763 1967 Patavinos
780 1895 1009 1986 antiquiores,
1034 1895 1079 1966 ad
1106 1899 1160 1968 Jo.
1178 1897 1236 1968 At.

217 2005 350 2080 bertum
369 2007 568 2082 columbum
585 2007 663 2081 abb.
684 2010 920 2095 casinensem,
944 2022 978 2078 et
993 2011 1144 2099 patavini
1164 2015 1250 2099 Gyae
1274 2007 1277 2014 “

213 2127 340 2199 mnasli
354 2126 433 2220 pub.
457 2129 702 2221 professorem.
730 2130 938 2219 Propositum
965 2129 1232 2220 disquisitionem

214 2265 385 2332 eggressus
415 2242 582 2330 superiora
611 2241 740 2310 saecula
769 2241 964 2332 singillatim
994 2244 1172 2332 percurrit,
1200 2261 1233 2314 et

214 2355 265 2429 nd„
287 2378 410 2422 nonum
437 2378 539 2444 usque
569 2353 631 2423 lini
658 2354 765 2423 cultus
791 2356 1024 2446 antiquitatem
1061 2359 1232 2430 extendit.

215 2475 267 2544 Ac
285 2495 328 2538 ne
346 2471 421 2563 quis
439 2471 589 2558 dubitet,
609 2473 748 2542 vetustis
767 2474 890 2544 chartis
910 2493 1008 2565 atque
1026 2476 1232 2574 membranis

211 2589 444 2661 encoenobiis
462 2593 596 2682 petitis,
622 2615 666 2662 ex
684 2593 855 2663 tabulariis
875 2612 909 2664 et
932 2593 1145 2665 bibliothecis
1173 2595 1232 2666 de-

215 2708 397 2799 promptis,
418 2709 561 2802 ,statutis
592 2708 754 2798 publicis,
786 2710 974 2800 omnigenis
1008 2711 1232 2785 monumentis

211 2847 284 2892 sem
303 2822 339 2892 in
358 2839 471 2913 aperto
490 2821 608 2912 ponit,
623 2839 658 2891 et
677 2824 718 2894 ad
738 2823 940 2893 evidentiam
959 2825 1119 2894 traducit.

258 2942 404 3012 Joennes
430 2941 563 3010 interim
592 2959 762 3032 cooptatus
789 2959 842 3014 est
870 2943 904 3012 in
932 2942 1082 3014 ordinem
1111 2945 1232 3014 acade-

213 3053 398 3138 micorum,
430 3055 527 3145 vulgo
550 3052 727 3125 Ricovrati
746 3060 819 3147 (1).
850 3056 917 3126 Ubi
946 3058 1090 3148 primum
1121 3059 1231 3128 eidem

211 3169 322 3259 patuit
337 3167 526 3253 academia,
542 3167 585 3237 ed
599 3169 739 3259 gratiam
753 3170 950 3260 spaterinis
967 3169 1096 3240 civibus
1115 3171 1233 3242 ineun-

206 3287 289 3354 dam
300 3339 311 3370 ,
332 3286 374 3354 dc
393 3287 565 3357 vernacula
582 3288 729 3378 ipsorum
748 3289 866 3406 begua
893 3289 1067 3375 disseruit,
1087 3290 1129 3359 de
1158 3292 1228 3382 pri-

212 3428 269 3473 ma
288 3403 416 3473 scilicet
435 3405 526 3473 illius
546 3407 691 3497 origine,
710 3433 810 3498 quam
831 3408 951 3499 repetit
970 3407 1165 3478 duodecimo
1184 3409 1226 3480 ab

212 3541 316 3612 nsque
334 3519 463 3590 saeculo
481 3518 674 3590 certissimis
693 3521 900 3591 documentis
926 3522 1121 3593 instructus.
1145 3525 1228 3595 cut.

553 3755 882 3786 ΜἈΜἊΜΜΜΜΜ

253 3903 304 3981 (ι)
324 3901 364 3962 Et
382 3899 414 3962 in
431 3899 503 3961 sliss
522 3897 693 3964 Academias
711 3899 935 3987 commeminit
954 3919 1013 3964 osu
1032 3905 1124 3969 solun
1143 3905 1176 3974 tn
1195 3907 1225 3974 1-

169 4040 175 4069 ·.
214 4008 302 4092 telis,
324 4009 377 4076 sed
394 4009 478 4072 etism
495 4022 596 4072 extra.
