3259 4959
386 350 492 403 xxxtt

389 487 529 556 eumque
550 462 592 533 de
610 462 714 547 sella,
732 476 769 531 ut
788 478 899 531 mente
918 476 1072 554 captum,
1103 480 1220 554 atquo
1250 483 1340 533 erret
1367 464 1403 537 io

389 584 462 654 loco
481 585 654 675 ignarum,
674 582 850 672 proripuit.
871 584 1036 672 Magnum
1056 581 1307 672 inauditumque
1325 607 1403 675 ape·

389 700 573 773 ctaeulum!
595 700 714 794 Cajum
728 702 927 789 Caesarem,
946 704 1003 795 qui
1022 704 1182 793 plurimae
1198 728 1311 774 causas
1331 728 1405 795 ege·

390 836 462 904 rat,
481 818 538 909 qui
557 840 672 887 omnes
692 834 858 887 oratorum
888 818 1100 909 praestigiae·
1118 836 1274 904 noverat,
1292 820 1349 909 qui
1368 842 1404 887 ae

389 952 502 1005 contra
521 930 664 1026 cujusvis
683 932 846 1023 impetum
870 933 952 1003 satie
976 934 1140 1003 monitum
1161 920 1198 1004 ab
1215 933 1402 1003 roboratum

390 1048 529 1142 putabat
550 1099 560 1131 ,
584 1045 764 1115 sensilibus
796 1046 999 1137 imaginibus
1033 1069 1223 1138 percussum
1253 1048 1401 1118 cederet

391 1170 465 1254 bis,
485 1163 643 1259 inquam,
665 1167 879 1237 vehementer
896 1183 1006 1237 actum
1035 1168 1194 1249 victorem
1226 1167 1374 1259 gentium
1394 1220 1405 1250 ‚

392 1283 595 1373 reipublicae
629 1281 901 1367 moderatorem,
928 1306 1096 1353 summum
1128 1281 1217 1352 orbio
1246 1301 1406 1353 terrarum

392 1398 577 1490 principem
598 1395 848 1486 impallescere,
873 1396 1144 1479 contremiscere,
1177 1396 1316 1467 decede
1346 1421 1406 1467 aua

392 1514 610 1603 praeeipitem
630 1511 789 1579 exsilire»
808 1508 815 1575 l
838 1511 929 1579 Num
946 1510 1000 1578 hic
1017 1509 1190 1602 quidpiam
1208 1507 1318 1579 allerri
1333 1527 1409 1601 pot·

394 1648 445 1701 eet
464 1630 593 1701 facilius
621 1654 659 1701 ac
678 1631 828 1720 planius,
852 1649 908 1699 aut
926 1631 992 1699 dici
1013 1632 1220 1722 simplicius?
1240 1632 1316 1703 ntia
1336 1624 1407 1722 plu·

395 1773 432 1819 ra
452 1731 527 1817 aliis
548 1750 582 1817 in
601 1750 681 1819 locia
701 1749 1006 1819 commemorabilia
1031 1749 1233 1842 proferrem,
1260 1749 1326 1819 niti
1354 1750 1410 1818 in·

397 1863 582 1957 telligerem
601 1885 655 1933 me
676 1863 762 1954 apud
782 1862 904 1933 multoe
922 1865 1030 1957 loqui,
1047 1866 1104 1957 qui
1119 1866 1215 1935 toties
1233 1864 1329 1935 illum
1348 1886 1411 1955 pu-

394 1976 482 2047 blice
512 1978 678 2047 dicentem
710 2000 768 2047 aua
795 1978 980 2068 praesentia
1005 1978 1240 2064 honestarunt,
1262 2003 1301 2047 ac
1331 1978 1411 2047 licet

400 2090 471 2185 ejus
492 2092 562 2162 voci
583 2092 724 2161 disertae
743 2109 777 2163 et
796 2090 955 2163 facundae
973 2116 1067 2164 aurea
1080 2111 1178 2185 atque
1197 2094 1345 2163 animum
1364 2116 1415 2161 ae-

400 2208 587 2295 aueverint,
606 2207 711 2278 nihilo
731 2222 842 2277 tamen
862 2207 972 2278 minus
990 2208 1106 2277 rudem
1125 2222 1281 2277 meamet
1303 2206 1416 2296 impe4

402 2322 521 2407 ritem,
543 2323 630 2413 quod
650 2338 700 2415 eat
730 2323 891 2393 indicium
922 2324 1099 2419 singularis
1134 2321 1350 2393 humanitatis
1383 2334 1419 2389 et

403 2442 605 2531 patientiae,
625 2463 690 2507 non
710 2456 939 2528 aspernantur.

446 2552 655 2639 Quamquam
676 2550 755 2640 quid
774 2573 836 2641 ego
849 2574 888 2619 ea
899 2602 908 2634 ,
940 2572 1024 2641 quae
1043 2549 1150 2618 adhuc
1169 2550 1293 2634 latent,
1314 2547 1415 2638 pluri-

403 2664 465 2739 bue
485 2668 595 2737 verbis
614 2670 862 2739 commemoro?
877 2667 940 2737 Illa
963 2666 1023 2735 illa
1042 2666 1150 2759 potius
1164 2684 1167 2690 ’
1180 2645 1386 2757 proferantur
1405 2722 1418 2755 ,

405 2810 488 2881 quae
524 2785 698 2857 manifesta
717 2804 753 2857 ct
770 2803 915 2879 aperta,
951 2809 1034 2879 quac
1067 2783 1239 2878 perspicua
1274 2803 1310 2855 et
1340 2804 1418 2862 nota

407 2898 560 2971 omnibus
580 2916 676 2986 aunt3
695 2900 753 2969 illa
787 2900 946 2991 prodeant
974 2900 1010 2967 in
1039 2898 1186 2967 medium
1210 2898 1419 2988 eloquentiae

406 3042 484 3093 ettae
505 3036 717 3089 monumenta
736 3020 885 3089 omniurn
901 3041 1053 3089 sermone
1071 3018 1255 3103 celebrata,
1287 3017 1419 3108 vulgata

407 3138 496 3229 typie
515 3138 548 3207 in
570 3139 771 3229 posteritatis
792 3139 992 3209 memoriam
1011 3168 1022 3226 3
1041 3138 1137 3235 eius,
1171 3138 1327 3228 inquam,
1347 3136 1422 3226 pul·

407 3254 590 3326 cherrimae
611 3257 815 3330 laudationes
839 3259 973 3329 habitae
999 3256 1156 3328 inlunere
1171 3257 1312 3325 virorum
1333 3276 1424 3349 prae·

406 3374 647 3467 stantium,qui
668 3378 721 3447 vel
740 3378 943 3469 grauissimis
961 3378 1129 3450 Ecclesiae
1148 3374 1338 3447 muneribus
1353 3396 1425 3465 per-

408 3490 512 3563 luncti
533 3512 630 3581 eunt,
655 3497 710 3569 vel
730 3486 957 3569 de'littcnria
975 3496 1143 3592 republica
1162 3492 1424 3589 praeclarissima

407 3609 518 3685 meriti
539 3609 690 3680 fuerunt.

455 3730 529 3816 Qua
548 3729 637 3799 enim
657 3731 799 3821 pietate,
827 3758 890 3825 quo
918 3732 1052 3825 ingenio
1078 3732 1114 3799 in
1141 3724 1254 3820 populi
1283 3731 1424 3816 conspe}

412 3858 502 3913 ctum
523 3846 654 3915 veniens
672 3848 804 3918 deflevit
822 3874 933 3921 casum
953 3867 1051 3942 atque
1069 3846 1242 3917 orbitatem
1259 3840 1429 3918 Ecclesiae

390 3984 392 3991 ’
415 3959 584 4035 universae
604 3961 647 4032 ob
666 3963 837 4038 interitum
856 3968 1038 4040 Clementis
1057 3968 1142 4038 XIII
1161 3958 1328 4034 Pontificio
1343 3958 1429 4050 Mat
