3259 4959
445 351 490 405 20
889 346 988 402 ΜΛ·

413 335 442 536 13
453 460 611 557 Gregorio
630 461 813 536 Burbadioo
830 464 1006 534 Buatorum
1026 458 1121 531 fastis
1140 459 1322 554 adscripto.
1343 462 1439 539 mia

414 580 505 650 idern
524 581 639 649 Petrus
659 578 800 670 praeivit
819 577 922 647 latina
942 575 1089 644 oratione
1108 599 1183 645 cum
1203 576 1308 647 multa
1332 579 1436 650 uber.

414 713 501 784 tute,
522 715 593 767 tum
613 721 733 789 magno
752 695 889 787 pietatis
907 717 1006 766 sensa
1024 695 1229 787 consumpta,
1249 699 1304 789 qui
1325 700 1441 768 incur.

411 815 455 886 rit
472 815 508 885 in
527 817 658 903 oeulos,
673 833 708 886 et
725 816 890 908 legentem
910 831 1038 885 moret.
1059 817 1133 904 Quo
1152 831 1263 886 tamen
1282 818 1432 888 nondum

412 946 605 1017 contentus,
625 930 752 1001 duobus
771 928 866 1000 annis
888 929 1037 1020 proxime
1055 929 1269 1020 sequentibus
1293 931 1327 1000 in
1346 933 1437 1002 Alu-

410 1071 562 1118 mnomm
581 1048 729 1120 discessu
744 1047 913 1140 publicam
933 1046 1050 1116 habuit
1068 1047 1272 1120 academiam
1289 1049 1434 1144 deujus-

414 1167 491 1237 dem
511 1170 548 1238 B.
567 1169 717 1260 Gregorii
738 1166 912 1240 laudibus.

455 1286 519 1352 Per
538 1275 619 1354 haee
644 1283 702 1354 ills
728 1283 793 1354 sibi
820 1283 971 1354 nominis
984 1279 1212 1354 celebritatem
1232 1304 1423 1377 pepererat3

410 1421 486 1468 cum
514 1397 583 1494 jam
619 1399 754 1468 ineunte
782 1422 868 1467 auno
900 1397 986 1490 1765
1019 1397 1242 1470 Seminarium
1271 1401 1423 1492 reliquit.

409 1519 498 1588 Turn
528 1517 633 1588 subiit
652 1518 761 1610 plures
780 1543 819 1588 ao
832 1518 942 1590 tristes
962 1517 1074 1605 rices3
1091 1519 1171 1611 quin
1194 1543 1253 1588 sua
1273 1519 1425 1591 innoeen-

410 1638 458 1711 tia
476 1637 580 1712 fretus
598 1641 684 1711 ultro
702 1639 824 1711 iisdem
843 1663 880 1710 se
898 1638 1134 1709 recommisit.
1156 1641 1194 1708 In
1216 1663 1282 1732 quo
1300 1664 1320 1709 a
1341 1641 1441 1709 noa·'

409 1756 510 1825 nullis
530 1757 767 1848 reprehensus,
795 1756 853 1847 qui
873 1755 938 1825 sibi
968 1755 1071 1826 abiis
1103 1775 1296 1847 praecavere
1319 1757 1423 1828 satius

407 1875 589 1966 parabant.
608 1869 673 1944 tlte
689 1885 804 1944 autem
821 1873 874 1944 sui
883 1873 1034 1968 judicii,
1050 1873 1163 1966 potius
1184 1874 1266 1965 quid
1282 1899 1318 1946 se
1327 1876 1425 1966 face.

407 2012 446 2057 ru
464 1996 659 2079 parceret,
686 1986 900 2076 inurebatur,
926 2013 1027 2078 quam
1057 1987 1139 2080 quid
1165 1988 1229 2059 alii
1251 1987 1424 2063 laudaturi

398 2110 520 2199 forent
537 2109 611 2199 (1).
642 2109 720 2179 Non
750 2110 855 2180 multo
883 2124 957 2200 post
981 2111 1142 2182 Venerius
1162 2133 1198 2184 se
1216 2113 1354 2182 contulit
1378 2115 1422 2185 ad

406 2224 602 2294 litterariam
628 2223 878 2294 institutionem
905 2223 1123 2295 adolescentis
1143 2225 1269 2316 patritii
1288 2226 1422 2308 renen,

402 2316 460 2409 'eui
480 2337 606 2408 dicarit
632 2338 755 2409 librum
782 2339 910 2408 ibidem
936 2339 1063 2408 editum
1076 2340 1151 2430 (2),
1176 2339 1309 2410 titulum
1337 2341 1425 2410 buno

407 2470 543 2550 praese
562 2455 741 2528 ferentem:
765 2454 961 2528 Certamiaa
978 2455 1147 2526 litteraria
1166 2453 1211 2529 ab
1224 2456 1429 2528 academicis

409 2569 591 2640 Saninorii
601 2568 752 2662 patarini
764 2569 921 2640 instituta
937 2581 971 2640 et
989 2565 1107 2640 habita
1115 2621 1126 2657 ,
1138 2581 1349 2664 praeceptore
1359 2569 1426 2638 Pe-

404 2697 459 2756 tm
478 2683 656 2770 Facciolo,
676 2684 811 2775 ipsoque
828 2682 938 2772 prium
956 2682 1114 2755 oratione·
1128 2695 1331 2776 praeeunte,
1358 2680 1424 2753 ad-

406 2797 491 2872 ditis
512 2798 559 2870 ad
577 2798 706 2868 calnam
723 2785 855 2868 duabus
872 2795 952 2866 aliis
972 2795 1121 2892 quadan
1138 2793 1362 2868 orationibus.

450 2917 572 3010 Aliquo
600 2919 758 3010 temporis
780 2915 889 3008 spatio
916 2918 1058 3010 elapso,
1089 2919 1273 2990 Ferrariam
1305 2915 1423 3008 petiit,

404 3052 439 3106 et
457 3036 673 3105 eononnulla
691 3035 790 3128 hujus
809 3034 887 3104 libri
920 3059 1032 3106 secum
1062 3036 1231 3108 transtulit
1252 3033 1427 3124 exempla-

404 3150 454 3220 ria
463 3203 474 3236 ,
489 3168 574 3240 quae
592 3163 707 3240 postea
724 3148 774 3216 ibi
793 3148 968 3238 exposuit.
988 3151 1079 3220 Haeo
1098 3149 1249 3222 viderant
1260 3147 1407 3220 Josuitae
1416 3199 1430 3235 ,

404 3287 547 3356 eumque
573 3263 706 3356 publice
724 3285 768 3334 ex
797 3263 949 3336 instituto
976 3265 1122 3336 habituri
1155 3282 1265 3337 essent
1293 3265 1428 3337 Araris-

403 3385 524 3470 miarn,
542 3383 728 3454 Faceiolum
746 3406 876 3475 quoque
895 3385 938 3455 sd
963 3409 1037 3456 eam
1056 3385 1254 3456 invitarunt.
1273 3385 1350 3456 Jarn
1369 3407 1427 3454 re-

404 3526 441 3573 rn
458 3505 515 3596 qui
528 3519 756 3597 argumentum
771 3504 940 3596 proposuit
952 3505 997 3575 ira
1014 3503 1195 3575 eonelusit:
1211 3503 1254 3576 ad
1268 3504 1330 3576 boo
1345 3526 1428 3597 par·

747 3709 1077 3742 mmm

445 3850 496 3960 Q)
513 3852 612 3938 Nepos
632 3854 736 3919 inrita
760 3828 853 3917 Attici
873 3873 936 3935 esp.
960 3873 1006 3916 ro.
1041 3875 1044 3884 ·

444 3964 497 4042 (a)
517 3963 598 4026 Ana.
623 3965 710 4050 1767.
