3259 4959
541 337 663 388 racosr
686 337 893 391 raccrouarr
1157 311 1220 393 siit

206 482 273 558 goe
289 471 424 533 nostrae
440 483 506 531 non
525 460 729 531 sentierunt
747 463 816 554 (a).
829 465 872 533 Et
891 449 1126 554 Lagomsrsino
1146 467 1223 535 scri-

209 583 313 667 nea,
335 579 439 650 aaa
456 581 472 672 (
487 581 668 672 anm„
682 579 800 673 procat
816 563 926 652 absim
944 577 987 650 as
1005 603 1044 654 ρο
1053 579 1224 674 fastigio,

210 696 325 790 inquo
342 711 399 767 ms
414 696 519 768 nimis
542 693 699 769 benevole
720 681 868 766 collocas
885 696 958 787 (a).
985 699 1029 766 Et
1054 696 1131 765 alii:
1152 696 1224 766 No-

209 809 272 882 lim
287 808 465 902 sts'spt'ceris
482 814 498 902 (
506 811 638 903 inquit)
655 827 710 883 me
726 806 813 880 rtriltt‘
830 791 978 880 lr‘t'bnere
995 804 1146 898 aliquid,
1166 806 1225 896 qui

210 923 245 994 in
263 921 351 993 bunc
375 924 600 1015 professorum
615 921 769 995 ordinem
793 919 906 992 nescio
933 945 997 1011 quo
1019 931 1120 1011 pacto
1142 917 1228 988 irre-

205 1032 259 1125 psi
277 1036 353 1127 (3).
379 1036 477 1126 Quod
503 1054 584 1105 sane
611 1035 648 1105 in
676 1035 746 1103 viro
765 1046 876 1105 tantae
895 1030 1098 1102 celebritatis
1125 1048 1227 1124 atque

209 1157 430 1240 praestantiae
447 1140 571 1221 mirum
583 1189 592 1220 a
604 1149 816 1241 Quamquam
825 1147 882 1241 qui
895 1171 971 1218 vere
981 1147 1121 1219 litterati
1130 1165 1227 1236 sunt,

211 1289 277 1338 non
296 1285 445 1356 turnent3
463 1267 578 1360 pusilli
595 1267 631 1336 in
650 1267 771 1356 digitos
789 1267 973 1358 eriguntur.
1006 1289 1011 1294 ·

257 1389 415 1457 Ceterum
443 1409 508 1454 non
536 1385 643 1454 caruit
659 1384 956 1469 obtrectatoribus,
980 1381 1100 1474 quibus
1128 1385 1227 1452 nunt·

213 1522 314 1590 quam
333 1493 527 1590 respondit,
548 1497 627 1567 licet
645 1523 709 1566 non
729 1499 834 1566 semel
852 1497 895 1567 ab
925 1497 968 1568 iis
987 1497 1107 1568 acriter
1125 1497 1227 1572 laces·

212 1617 317 1686 sitas.
337 1621 418 1688 Erat
435 1615 526 1686 enim
544 1615 610 1708 ipsi
638 1617 831 1709 prudentiae
862 1635 896 1687 et
914 1617 1096 1709 sapientiae
1120 1616 1225 1708 pluri-

211 1753 321 1798 mum.
341 1728 561 1820 Temporibus
580 1730 627 1799 uti
646 1749 799 1817 noverat,
821 1755 884 1800 non
904 1731 1147 1816 discordiosas,
1158 1755 1225 1808 non

210 1865 385 1934 praeceps,
404 1843 550 1935 peritus,
565 1868 666 1938 quam
695 1845 752 1937 qui
784 1845 950 1932 maxime,
970 1869 1078 1918 rerum
1107 1845 1227 1918 buma-
1263 1833 1265 1836 ⁵

208 1976 345 2024 aarum.

252 2071 438 2146 Seminario
454 2128 465 2161 ,
489 2075 543 2146 cui
561 2076 773 2167 aliquamdiu
791 2075 935 2167 praefuit
967 2078 1023 2169 (4)
1041 2131 1051 2163 ,
1076 2078 1227 2150 addictus

212 2192 379 2278 promovit
397 2189 546 2284 ejusdem
559 2191 703 2260 bonam
724 2190 831 2284 Hujus
850 2191 1091 2264 bibliothecam
1110 2218 1229 2284 augen-

213 2307 290 2377 dam
309 2308 436 2377 curarit
452 2308 549 2378 libris
567 2309 741 2401 plurimis,
757 2307 915 2399 optimis,
930 2310 1123 2381 rarissimis.
1140 2310 1229 2382 Mul·

213 2435 263 2488 tos
283 2420 386 2488 etiarn
405 2443 423 2488 e
442 2421 510 2491 suis
527 2422 563 2491 in
591 2422 743 2493 eamdem
762 2422 901 2491 contulit
908 2474 919 2507 ,
950 2423 1061 2492 thecas
1081 2439 1227 2514 praeter-

212 2559 252 2606 ea
270 2534 406 2625 antiquo
431 2559 547 2626 opere,
565 2551 601 2603 et
619 2559 750 2605 summo
769 2535 927 2605 artificio.
949 2536 1135 2607 Nonnullae
1149 2561 1228 2628 quo-

210 2674 276 2742 qne
296 2647 423 2718 tabulas
442 2649 527 2718 dono
545 2649 659 2719 dedit.
681 2653 755 2739 Qua
775 2649 906 2718 valebat
933 2651 1126 2720 auctoritate
1146 2652 1230 2721 mul.

213 2784 263 2835 tos
283 2766 386 2862 juvit,
406 2765 528 2834 multos
549 2766 687 2835 consilio
705 2782 741 2835 et
758 2789 859 2858 opera
878 2765 952 2859 (5).
977 2770 1017 2838 ln
1045 2767 1204 2860 plurimos
1215 2821 1229 2857 ,

214 2909 255 2954 eo
273 2901 427 2971 curante,
445 2885 564 2954 collata
581 2902 658 2955 sunt
675 2887 852 2984 honorifica
872 2909 1026 2958 munera.

251 3451 301 3532 (lp)
321 3450 371 3514 Sic
389 3447 453 3510 ille:
478 3449 587 3527 (Fast.
610 3451 753 3532 Gymnas.
771 3463 873 3534 potor.
892 3453 925 3512 P.
945 3453 997 3518 ΠΙ.
1025 3471 1088 3534 pag.
1118 3457 1164 3536 73.
1185 3455 1224 3522 sd

210 3583 279 3624 san.
305 3558 402 3641 1742)
430 3559 595 3619 »Josnues
615 3559 761 3619 Minottus
781 3601 790 3620 .
813 3601 822 3620 .
846 3603 854 3620 .
874 3604 882 3619 .
902 3559 1068 3635 seminarii,
1091 3563 1169 3644 quod
1192 3567 1226 3630 in

207 3689 228 3731 s
250 3667 316 3749 ipso
334 3685 445 3745 qnoque
465 3665 612 3727 Pontificis
632 3663 788 3749 diplomate
804 3667 1096 3736 commendemini
1116 3673 1226 3753 luerat,

211 3795 229 3837 s
248 3771 430 3854 praecipuam
448 3770 649 3850 cogitationem
668 3774 809 3856 suscepit,
820 3793 888 3835 usus
903 3795 988 3858 opera
1006 3789 1102 3839 nostra
1120 3787 1148 3839 st
1159 3799 1230 3841 con·

210 3899 230 3942 s
253 3878 318 3938 silio
335 3879 446 3940 Viturii
468 3878 513 3938 sui
528 3879 649 3941 Antonii
671 3881 817 3942 Corneaai
830 3903 867 3943 s.

255 3982 305 4060 (5)
322 3981 516 4043 Fasciolatuur
536 3982 655 4044 mariam
673 3983 707 4045 in
725 4005 756 4044 se
770 4003 942 4067 propensum
960 3997 1093 4068 expertus
1109 3997 1153 4046 sst
1165 3985 1231 4044 Aa·
