3259 4959
397 340 464 422 ata
877 361 964 413 nm

392 514 414 559 a
434 506 528 577 rege,
547 480 658 553 eidem
678 502 698 551 a
718 479 870 551 consiliis
890 480 954 552 luit
986 482 1148 575 ampliore
1167 488 1334 582 stipendio
1356 511 1419 566 an·

393 620 469 674 ctus
488 604 560 695 (r),
579 618 615 672 et
632 598 792 694 pensione
812 601 891 693 (uti
910 600 1003 696 ajunt
1016 604 1140 695 )vsl‹le
1148 606 1326 681 honorifica
1340 615 1417 705 (2),

390 744 469 790 curn
489 718 558 815 iam
577 731 678 789 antea
696 739 783 787 anno
815 738 903 811 ¹7²7
928 719 1190 811 praeposituram
1217 718 1417 799 obtinuisset

392 836 429 909 S.
450 831 582 905 Mariae
601 832 642 901 de
664 832 785 903 Monte
799 830 949 905 Cinisio.
971 835 1063 906 Haeo
1080 833 1139 905 ille
1157 854 1326 909 asseomm
1343 856 1418 929 est,

390 973 470 1019 eum
497 944 624 1038 ingenii
642 944 757 1031 laude,
776 960 848 1015 tum
867 945 977 1017 vitae.
996 948 1115 1039 Neque
1134 951 1226 1021 enim
1254 976 1415 1046 umquam

394 1078 522 1135 tantam
542 1060 673 1131 iniisset
691 1058 852 1153 gratiam,
870 1082 914 1131 ne
932 1060 1042 1131 dicans
1064 1058 1351 1155 familiaritatem,
1370 1068 1416 1139 als

393 1177 536 1271 optimis
557 1193 592 1247 et
614 1173 860 1268 probatissimis
880 1172 1032 1265 regibus,
1058 1175 1124 1246 nisi
1152 1176 1197 1247 ad
1215 1201 1273 1250 eos
1299 1204 1414 1251 acees-

392 1297 494 1367 sisset
518 1292 808 1365 commendatione
837 1292 991 1363 virtutis.
1019 1294 1133 1365 Fuerit
1148 1296 1251 1389 igitur
1277 1322 1415 1371 neeesse

391 1426 447 1485 est
465 1412 605 1483 Petinus
623 1408 843 1480 humanarum
862 1430 970 1477 rerum
990 1407 1136 1499 peritus,
1154 1411 1310 1501 providus
1319 1465 1332 1500 ,
1349 1412 1415 1483 ho-

387 1552 454 1601 nus
473 1529 633 1623 sejustus
652 1526 723 1614 vir,
751 1524 886 1618 ingenio
912 1526 1042 1619 integer
1071 1552 1112 1598 ao
1140 1528 1318 1602 moribus.
1344 1530 1412 1604 set

392 1644 603 1729 omittamus,
620 1666 699 1713 oum
718 1640 804 1711 facta
823 1657 1019 1731 suppetant,
1041 1642 1263 1738 conjecturas.

437 1759 548 1846 Quam
576 1756 725 1827 modeste
751 1755 795 1823 de
827 1754 896 1823 suis
925 1754 1081 1846 oporibus
1093 1810 1104 1843 ,
1127 1759 1172 1829 de
1194 1784 1232 1831 se
1249 1761 1416 1831 Pasinus?

388 1874 587 1969 praesertim
606 1894 683 1943 cum
702 1872 802 1941 eoiret
821 1888 856 1941 et
876 1894 913 1941 se
930 1886 967 1941 et
983 1898 1044 1943 sua
1063 1900 1084 1945 a
1103 1898 1179 1969 rege
1206 1894 1241 1948 et
1262 1879 1307 1949 ab
1334 1881 1413 1951 aliis

389 1992 562 2086 permagni
589 1990 680 2063 lieri.
714 1989 1021 2083 Quarnplurimo,
1011 1994 1144 2086 inquit,
1162 1996 1178 2083 (
1196 1995 1341 2089 loquitur
1368 1999 1412 2069 ‹le

206 2106 221 2147 ¹
233 2104 244 2143 ³
277 2100 335 2157 ⁸¹
386 2110 496 2184 lexico
516 2136 536 2183 a
554 2134 590 2183 ue
609 2108 757 2182 consecto
772 2112 786 2200 )
804 2108 852 2181 ad
867 2111 977 2203 operis
985 2110 1271 2243 'complanentrun
1295 2114 1410 2187 dhus

384 2229 577 2303 desiderari
595 2242 631 2301 et
649 2254 880 2323 cognoscemus
886 2284 898 2317 ,
917 2242 954 2303 et
978 2230 1122 2325 eugenue
1132 2232 1377 2324 fatemur...

391 2348 489 2441 Quod
501 2351 533 2420 si
549 2346 596 2419 od
613 2351 813 2421 eruditorum
828 2373 949 2419 manus
966 2347 1049 2420 libri
1061 2349 1171 2422 nostri
1180 2350 1410 2443 pervenerint,

387 2486 446 2534 eos
467 2464 567 2554 aequi
584 2458 728 2553 bonique
739 2463 880 2553 jaciant
889 2514 903 2550 ,
915 2460 1143 2536 obsecramus.
1159 2470 1308 2537 Etmox:
1323 2467 1409 2557 lter,

389 2580 439 2649 ait
457 2580 564 2665 idem,
579 2578 722 2671 ingressi
727 2598 843 2649 snmus
853 2608 865 2648 .·
875 2583 908 2651 si
921 2582 1027 2650 uitam
1036 2582 1155 2675 Superi
1167 2583 1296 2655 dabunt
1304 2638 1315 2673 ,
1330 2610 1407 2653 con·

378 2694 557 2787 ficienms,
583 2704 644 2764 out
667 2692 850 2781 conficient
866 2692 930 2763 alii
945 2705 982 2765 et
1000 2693 1127 2767 viribus
1143 2696 1270 2790 ingenii
1294 2710 1331 2769 et
1349 2696 1407 2767 do-
1464 2683 1469 2703 ⁶

384 2808 497 2878 ctrina
506 2806 703 2878 valentiores
713 2808 778 2900 (3).
787 2806 823 2879 si
836 2806 992 2898 quidsibi
1003 2810 1138 2880 aliunde
1150 2810 1309 2903 praesidii
1323 2809 1406 2898 fuit,

383 2926 421 2997 id
441 2927 608 3017 profitetur
624 2944 759 3017 aperto.
778 2918 952 3010 Multum,
970 2927 1100 3017 inquit,
1116 2925 1165 2997 ud
1181 2927 1221 2996 id
1235 2927 1406 3018 operisot·

383 3042 536 3117 tulerunt
553 3040 649 3113 nobis
666 3040 858 3135 adjumenti
874 3090 884 3109 .
900 3090 912 3108 .
929 3092 941 3109 .
961 3090 971 3109 .
989 3056 1053 3111 ete.
1070 3056 1107 3111 et
1130 3042 1246 3111 statim
1269 3044 1406 3117 nornine

383 3180 555 3233 suetorum
573 3158 728 3254 subjicit.
742 3155 942 3229 Auctoribus
948 3158 1042 3229 enirn
1054 3157 1126 3229 suis
1138 3183 1179 3229 ea
1192 3158 1334 3229 reddere
1348 3186 1404 3231 oo·

383 3276 513 3362 urnas,
524 3276 571 3347 ait
579 3329 591 3362 ,
605 3299 689 3365 quae
707 3273 751 3343 ab
770 3269 844 3342 iltis
859 3272 1006 3343 mutuati
1022 3296 1136 3343 sumus
1144 3273 1199 3366 (4)
1213 3274 1308 3345 ..iarn
1328 3298 1404 3345 vero

381 3386 530 3461 hominis
553 3388 686 3483 ingenui
705 3404 775 3475 est,
793 3410 854 3480 per
872 3410 953 3479 quos
971 3386 1168 3481 profeceris,
1189 3390 1355 3483 profiteri.

722 3562 1068 3615 ἪΜἊἊΜΜΜΜ,

423 3701 473 3781 (ι)
495 3699 564 3762 Lire
582 3702 719 3785 piemont.
741 3724 832 3767 troo.

422 3806 473 3885 (n)
494 3806 562 3866 Line
586 3806 672 3867 tlon.

421 3910 473 3991 (3)
494 3914 530 3973 ln
549 3914 668 3995 praelat.
688 3912 727 3980 sd
745 3914 850 3982 Lusio.

420 4020 472 4101 (4)
493 4016 621 4084 lbidem.
