3259 4959
591 365 779 416 stetissem
797 365 892 420 venit
1203 365 1248 438 77

232 484 304 562 sius
333 482 468 568 claruit,
496 483 702 554 scholasticis
733 483 768 551 in
796 482 915 574 primis
947 479 1242 572 disputationibus.

234 597 346 668 Tanta
374 597 466 668 enim
492 613 564 668 orat
589 596 781 667 disserentis
807 597 860 666 uis
888 611 921 666 et
948 599 1099 679 octono,
1126 611 1163 664 ut
1188 620 1249 666 ne,

236 735 295 782 nro
312 731 423 805 posset
441 731 528 786 sture
547 731 679 787 motta.
699 717 743 788 Se
756 737 852 785 nosse
871 711 982 806 siebat
999 734 1130 801 prorsus
1147 713 1252 782 nemis

236 850 315 902 nem
327 833 741 905 eruditissimusrlotonins
757 836 798 904 de
809 832 1012 915 Cornitibus,
1027 829 1101 920 qui,
1113 831 1250 904 solidius

235 971 336 1038 quarn
353 951 401 1038 is,
420 969 546 1024 teneret
567 951 731 1044 principia
747 952 873 1044 logicae
892 949 1130 1034 aristotelicae,
1150 963 1184 1016 et
1203 947 1251 1018 ins

237 1066 339 1137 terius
362 1071 555 1161 pervaderet
574 1070 665 1139 illius
682 1091 850 1139 recessus.

283 1187 433 1258 Aliarum
451 1211 580 1280 quoque
598 1188 811 1258 scientiarum
832 1187 897 1256 sibi
918 1185 1083 1278 praesidia
1101 1183 1251 1264 Michael

238 1303 396 1374 adscivit.
414 1305 531 1377 Studio
549 1327 586 1374 sc
604 1305 741 1376 dederat
759 1303 976 1395 geometriae,
990 1329 1066 1374 cum
1080 1304 1252 1396 exquirere

237 1419 376 1491 modurn
394 1421 505 1514 coepit
522 1423 692 1515 redigendi
719 1423 833 1492 circuli
863 1445 973 1492 aream
1000 1423 1042 1492 ad
1070 1421 1252 1492 dimensio-

238 1561 319 1634 nem
338 1539 508 1630 quadrati.
527 1543 637 1634 Atque
655 1542 691 1611 id
710 1565 822 1612 revera
849 1539 915 1610 sibi
936 1539 1127 1612 admirabili
1155 1541 1266 1631 plano¹

228 1648 340 1724 inodo
358 1649 558 1741 patefactum
576 1653 733 1745 putabat,
752 1653 840 1744 qood
861 1653 1010 1721 invenire
1030 1654 1138 1742 potuit
1156 1676 1255 1722 nemo

241 1763 349 1833 adhuc
367 1787 409 1834 eet
427 1765 687 1838 mathematicis.
706 1766 890 1838 Enimuero
904 1765 1059 1834 labuntur
1075 1765 1252 1856 aliquando

239 1898 276 1952 et
293 1881 445 1952 hominos
472 1884 605 1976 magni,
633 1883 691 1954 ubi
717 1884 894 1975 praecipue
921 1885 1094 1974 indulgent
1120 1884 1254 1975 ingenio

239 2021 318 2083 cuo,
339 1998 448 2069 Facile
466 1999 631 2090 siquidem
650 1999 835 2081 credimus,
848 1997 935 2086 qrtod
953 2013 1124 2086 optamus.
1145 1999 1256 2068 Astro-

239 2091 313 2180 rirm
332 2113 435 2186 etiarn
454 2114 613 2199 scientiae
631 2112 796 2182 studiosus
818 2111 939 2180 Verius
959 2112 1068 2199 plures
1088 2111 1255 2181 brumales

240 2239 355 2296 noctes
382 2225 552 2312 evigilavit
578 2225 641 2293 sub
660 2226 734 2306 dio,
763 2223 899 2296 notandi
926 2223 1063 2312 cupidus
1094 2225 1256 2292 maximas

244 2451 333 2540 poris
352 2471 509 2542 punctum
529 2456 819 2528 constituendum.

287 2568 383 2639 Idem
410 2592 447 2637 se
474 2569 597 2639 dicarit
610 2570 759 2658 ,insuper
781 2569 900 2640 studiis
927 2569 1099 2653 chlmicls,
1119 2585 1153 2639 et
1173 2591 1258 2637 anno

246 2685 334 2774 1726
352 2683 434 2752 duas
450 2682 559 2760 edidit
576 2683 843 2768 dissertationes,
862 2683 999 2752 alteram
1019 2681 1152 2774 quidem
1173 2680 1257 2773 logi-

242 2821 338 2883 cam,
358 2798 496 2882 alteram
517 2823 593 2875 reru
613 2797 791 2880 chiminum
812 2799 886 2888 (ι).
917 2798 1003 2868 Illud
1023 2799 1113 2868 enirn
1132 2820 1259 2866 sermm

243 2937 286 2984 ne
304 2916 477 2990 bominum
497 2918 745 3008 percrebuerat,
772 2917 964 2986 cathedram
987 2917 1030 2985 iis
1056 2914 1258 3006 temporibus

241 3047 387 3112 erectum
407 3031 448 3103 iri
468 3034 503 3102 in
524 3033 657 3122 publico
676 3032 831 3122 patavino
849 3035 980 3120 Lyceo,
1009 3031 1094 3100 unde
1114 3029 1259 3102 chinsica

245 3142 454 3225 docerentur.
474 3149 546 3221 Hoc
565 3147 624 3217 ille
642 3170 761 3223 munus
777 3169 814 3214 se
833 3162 1055 3225 assecuturum
1085 3144 1260 3234 sperabat,

245 3262 343 3345 Irrita
370 3289 446 3355 spes
473 3267 623 3348 euanuit.
650 3267 767 3335 Paucis
786 3267 877 3334 enim
898 3281 1025 3346 tantum
1052 3262 1174 3344 abhinc
1198 3285 1260 3342 att·

245 3380 300 3459 nis
318 3380 505 3453 institutum
525 3401 593 3470 est,
613 3385 699 3474 quod
718 3384 747 3456 is
766 3385 940 3472 cupiebat.

293 3496 371 3566 Non
392 3512 501 3565 tamen
518 3516 689 3588 propterea
708 3499 837 3570 destitit
856 3498 899 3578 ab
918 3497 999 3576 artis
1017 3493 1181 3564 chimicae
1197 3507 1263 3564 stus

229 3614 323 3740 χΔία).
336 3619 441 3686 Totus
460 3615 495 3685 in
514 3618 574 3687 illo
592 3634 681 3696 erat.
695 3619 735 3686 ln
754 3617 825 3710 ejus
844 3616 1006 3689 cubiculis
1024 3613 1145 3706 ubique
1162 3610 1264 3682 cliba-

597 3825 926 3868 mmmmmmmm

291 3968 341 4045 (r)
361 3969 558 4048 fasciolatus,
577 3971 658 4046 Pasti
676 3971 827 4056 Gymnasii
846 3969 974 4056 patavini
994 3971 1083 4034 Tem.
1094 3967 1133 4031 11.
1146 3985 1175 4048 p,
1192 3979 1261 4044 ²99·
