3259 4959
519 285 645 338 <tutori
660 285 856 337 uncorum
1032 335 1033 340 ,
1127 283 1195 346 ¹tta

180 412 287 490 stilus
304 409 376 507 ejus
390 433 521 505 pressus
530 409 604 501 fuit
628 418 666 478 et
688 405 865 492 amnionis,
879 403 996 496 plenus
1014 403 1200 494 acuminis,

176 529 302 628 planos
314 525 436 610 succi,
453 534 490 594 et
511 544 610 614 quern
625 517 742 610 paucis
759 517 904 610 contigit
922 516 1079 611 imitari(
1104 519 1141 612 ).

225 643 314 713 lllud
331 665 413 712 nero
430 662 563 732 prorsus
576 637 743 707 eximium
759 636 909 728 etogium
924 651 999 722 est,
1020 637 1113 728 quod
1139 639 1197 714 Jo-

181 759 316 830 eobetto
332 757 534 853 jampridem
558 753 666 824 texuit
688 755 836 825 ioannes
862 751 1026 824 Antonius
1054 754 1200 846 Vulpius

189 877 225 945 in
243 876 307 946 hoe
324 877 443 946 eodem
464 870 622 966 patavino
643 870 828 961 Gymnasio
850 868 1011 962 proieasor
1027 871 1203 942 celeberri-

180 1016 258 1064 mus
274 1045 283 1062 .
302 996 336 1064 Is
353 994 467 1084 itaque
482 993 521 1060 in
538 987 745 1082 praefatione
762 988 799 1057 in
819 985 924 1060 libros
942 988 1097 1060 ,severini
1110 991 1201 1060 Boe-

182 1107 253 1184 abir·
281 1109 325 1182 de
342 1101 574 1180 camoliam
592 1101 838 1196 philosophiae,
856 1129 945 1196 quos
959 1105 1072 1176 eidem
1092 1105 1200 1194 ditat,

181 1229 310 1298 multus
324 1244 380 1299 est
396 1228 432 1296 in
450 1220 522 1319 ejus
545 1219 732 1296 eruditione
760 1223 966 1294 extollenda.
982 1228 1067 1294 Fere
1091 1227 1202 1301 nerni-

184 1366 266 1416 nem
294 1343 396 1416 fuisse
427 1343 570 1415 affirmat
595 1365 639 1412 ex
666 1336 822 1412 studiosis
837 1342 1103 1414 adolescentibus
1128 1343 1203 1437 ejus

184 1463 369 1554 temporis,
384 1460 444 1555 qui
461 1487 530 1532 non
558 1460 736 1554 profecerit
751 1485 792 1532 eo
819 1460 996 1554 magistro.
1018 1462 1202 1532 Neminem

182 1581 318 1652 exuisse
337 1581 545 1668 barbariem,
564 1597 598 1651 et
618 1579 761 1651 coluisse
781 1581 969 1650 amoeniora
988 1580 1119 1664 studia,
1145 1582 1202 1650 oui

182 1691 245 1766 illo
265 1693 306 1763 ad
325 1693 362 1762 id
395 1694 541 1764 hortator
562 1717 628 1762 non
654 1690 775 1777 fuerit,
794 1691 951 1785 adjutor,
982 1709 1115 1762 auctor:
1144 1695 1200 1762 di-

183 1829 270 1897 gnus
290 1823 478 1900 propterea,
494 1823 535 1876 ut
548 1805 665 1892 addit,
680 1805 735 1875 eui
754 1807 810 1898 (si
825 1823 973 1897 tempora
987 1808 1202 1898 paterentur)

184 1925 402 1998 excitandum
416 1942 570 2000 curarent
585 1923 739 1996 homines
750 1921 883 2018 insigne
901 1941 1151 1996 monumentum
1164 1925 1202 1992 in

184 2037 403 2110 eeleberrimo
422 2041 532 2132 aliquo
547 2039 622 2109 loeo
639 2037 731 2108 urbis
747 2035 846 2132 buius
871 2035 1139 2122 eruditissimae,
1166 2049 1204 2108 ut

185 2152 416 2243 oiim-Delphi
431 2153 580 2223 leontino
597 2150 740 2240 Gorgiae
760 2151 775 2240 (
799 2150 834 2239 ).

235 2265 330 2338 Alios
349 2281 518 2357 praeterea
533 2263 656 2334 multos
671 2286 717 2332 ex
736 2262 842 2334 doctis
867 2259 987 2332 babuit
1012 2262 1202 2342 Jacobettus

187 2379 340 2451 addictos
358 2377 425 2467 sibi
444 2402 487 2447 ae
501 2376 653 2462 deditos,
666 2393 705 2446 ut
718 2399 765 2446 ex
782 2375 853 2470 ejus
871 2375 1020 2467 epistolis
1036 2377 1126 2450 olore
1146 2403 1202 2470 pa-

186 2512 260 2567 tet.
278 2499 361 2566 Prae
387 2497 504 2566 ueteris
532 2495 748 2566 Vincentium
775 2496 971 2580 vicarium,
989 2510 1123 2586 poetam
1148 2499 1201 2568 vi-

187 2609 360 2697 cetinum,
377 2611 486 2680 virum
503 2607 854 2680 omatissimum.Fuit
868 2609 924 2678 hie
941 2611 1122 2682 admirator
1132 2637 1202 2685 ma-

190 2727 300 2798 ximus
313 2727 498 2800 Jacobetti.
509 2729 604 2798 Hane
622 2728 656 2799 in
673 2752 752 2797 euru
770 2728 1022 2798 admirationem
1040 2715 1111 2824 jani
1129 2746 1202 2802 tunt

141 2892 144 2903 ·
188 2845 391 2933 imbiberat,
401 2871 480 2917 oum
495 2830 652 2917 eumdem
668 2848 797 2918 Patavii
811 2847 1100 2920 rudimentorum
1120 2865 1205 2921 uter-

188 2990 256 3058 que
273 2967 423 3058 epistolis
440 2982 517 3059 post
544 2966 675 3038 solebat
699 2989 773 3038 sese
802 2967 974 3059 prosequi.
989 2966 1203 3040 Jacobettuur

190 3081 358 3154 virentem
374 3080 512 3152 bonomo
531 3080 646 3172 quovis
660 3079 771 3151 officio
788 3081 946 3154 Vitarius
962 3083 1085 3170 coluit,
1111 3107 1203 3160 mor-

190 3213 287 3268 tuum
313 3200 455 3270 suaviter
480 3199 764 3292 deflevit-ecloga,
778 3225 879 3292 quant
910 3227 986 3272 cum
1013 3200 1090 3273 aliis
1121 3201 1206 3272 ecle-

192 3315 248 3406 gis
274 3331 308 3387 et
329 3318 405 3389 aliis
430 3317 544 3390 latims
569 3318 721 3389 versibus
750 3335 867 3409 postea
894 3318 1026 3391 edidit.
1051 3317 1208 3402 Habebat

527 3547 862 3582 mmmm

236 3718 288 3900 gi
307 3719 447 3884 idiibiii
470 3828 627 3889 carminum
645 3842 677 3891 et
704 3825 865 3912 oputoolor.
884 3828 998 3900 Paravit
1013 3825 1103 3896 editis
1127 3821 1208 3914 opud

189 3927 312 4014 Josepb,
331 3928 508 4008 Geminum,
526 3951 605 3996 anuo
625 3931 704 4016 1725
722 3951 793 4017 pog-
813 3940 885 4018 ²⁴⁷·
