3259 4959
1204 369 1254 460 83

230 518 324 617 eliis,
334 542 455 620 coepte
466 519 675 599 disseminari
691 527 732 598 ad
743 515 926 600 catholicae
935 517 1115 623 Religionis
1125 523 1254 624 praeti-

177 705 181 709 .
233 651 326 721 dium
343 665 379 719 ct
397 649 718 740 incrementutn(1).
731 651 803 718 Hoc
816 647 933 719 codem
953 649 1163 719 consilionon
1176 665 1255 744 pail*

232 786 290 836 cos
304 767 406 836 etiarn
416 763 646 836 misitadillaa
657 777 771 858 gentes
788 762 968 834 seminarii
977 759 1074 858 holus
1087 765 1255 854 alumnos,

232 881 411 973 multiplici
430 880 634 953 ereticorum
643 879 830 973 linguarum
840 875 1028 970 cognitione
1036 880 1181 950 erttditos
1191 884 1258 975 (2).

281 1002 414 1074 Accidit
431 1019 492 1094 per
509 1027 549 1073 ea
567 1018 716 1094 tempora
734 1024 786 1071 res
806 1000 849 1070 ad
869 999 1066 1071 inemoriam
1085 1003 1260 1092 pottertta-
1294 993 1299 1006 ⁸

234 1119 280 1188 tis
298 1118 459 1211 insignio,
473 1135 558 1210 quae
574 1116 709 1187 beatum
729 1115 838 1185 virurn
851 1137 931 1205 prae
951 1113 1026 1184 aliis
1045 1115 1174 1188 laetitia
1195 1113 1258 1188 irrr-¹

235 1233 364 1323 plcvit.
384 1232 555 1303 Nimirum
572 1230 715 1302 lacobus
730 1232 764 1300 ll
783 1229 965 1320 Anglorum
985 1245 1043 1302 rex
1057 1231 1260 1303 catholicam

236 1353 451 1444 religionem,
463 1352 612 1422 exsulem
636 1361 671 1420 et
686 1349 826 1444 eiectam
838 1403 848 1436 ‚
860 1351 896 1419 in
916 1348 1073 1444 Angliatn
1089 1361 1261 1440 revocure·

241 1483 313 1538 rat.
330 1471 379 1538 Ut
394 1469 548 1537 eamdem
568 1481 775 1557 promoveret
790 1463 950 1553 ulterius,
975 1466 1017 1536 ab
1037 1467 1096 1538 illa
1116 1467 1191 1561 ipttt
1218 1470 1260 1540 ds

240 1579 451 1674 propaganda
469 1582 534 1652 lide
551 1581 812 1674 congregatione
840 1581 1075 1671 impetraverat
1093 1597 1152 1654 rc'x
1174 1583 1260 1674 piiss

240 1694 370 1781 simus,
389 1713 426 1765 ut
444 1695 561 1767 eodem
580 1696 745 1781 mitteret,
773 1696 830 1789 qui
859 1717 952 1766 suam
973 1715 1107 1789 operam
1133 1699 1262 1770 utiliter

240 1805 331 1877 inid
351 1809 600 1902 impenderent.
622 1811 810 1882 Cardinalis
831 1835 926 1881 verae
955 1813 1125 1905 religionis
1149 1815 1262 1886 umore

240 1921 416 2014 incensus,
434 1927 577 1998 libenter
595 1924 716 1996 obtrrlit
740 1947 822 2017 quos
841 1923 993 2018 profugos
1019 1944 1195 2020 exceperat
1221 1952 1264 2002 ex

241 2041 287 2116 iis
303 2046 512 2138 regionibus.
531 2048 581 2118 Eo
598 2047 713 2117 statim
732 2046 855 2116 missus
875 2046 932 2138 qui
952 2045 1071 2117 studiis
1091 2057 1263 2139 praeerat,

241 2183 319 2238 tum
342 2157 420 2238 aliis
439 2165 665 2238 sacerdotibus
692 2179 737 2237 ert
754 2159 917 2237 Hibemia
942 2163 1042 2237 simul
1061 2177 1095 2236 et
1120 2165 1264 2260 Anglia,

249 2283 308 2374 qui
326 2283 362 2350 in
380 2281 603 2352 Seminarium
621 2279 664 2350 ab
680 2281 741 2351 illo
760 2281 893 2374 excepti
913 2280 1134 2375 praeceptoris
1154 2281 1263 2353 officie

248 2391 486 2487 fitngeirantur.
499 2395 570 2466 Hos
579 2394 669 2464 idem
687 2397 873 2466 necessaria
886 2400 1026 2490 pecunia
1038 2411 1073 2468 et
1091 2398 1267 2468 vestimen-

248 2515 292 2585 tia
306 2513 464 2583 instruxit
473 2534 536 2599 ,ne
555 2513 621 2583 ulit
634 2529 861 2604 premerentur
878 2515 1031 2608 impensa
1050 2507 1180 2589 itineris
1192 2517 1266 2610 (ὅ).

290 2635 385 2706 Idem
405 2648 574 2725 'praeterea
587 2633 786 2728 episcopalia
797 2635 954 2707 tabularii
972 2635 1098 2708 reditus
1118 2639 1267 2710 omniun

141 2834 144 2839 y
245 2747 372 2840 primus
394 2747 522 2840 redegit
545 2749 587 2820 ad
610 2771 760 2819 nonnam
784 2766 804 2818 a
826 2743 955 2842 iegibus
977 2749 1203 2836 Pontificum,
1231 2762 1269 2821 et

243 2865 290 2940 ub
307 2865 493 2936 Innocentii
517 2865 692 2958 praecipue
711 2861 763 2938 XI
785 2865 1029 2940 Constitutione
1058 2883 1143 2938 antro
1178 2861 1266 2962 1678

245 2986 501 3076 praescriptam.
516 2985 758 3057 liedundabatrt
771 2986 808 3057 hl
828 2990 991 3059 etiamad
1009 2979 1190 3062 utilitatem
1210 2987 1267 3059 Se·

247 3105 399 3176 minerii.
410 3104 476 3177 Sed
493 3105 553 3183 ille
570 3105 749 3178 utilitatem
770 3106 958 3200 quamlibet
975 3099 1186 3202 negligebat,
1203 3107 1267 3178 im-

247 3241 305 3294 aro
322 3224 448 3294 nnllam
469 3222 627 3316 putabat,
638 3225 695 3296 ubi
714 3243 808 3298 secus
826 3227 1009 3321 postularet
1024 3221 1194 3298 Ecclesiae
1209 3224 1267 3297 bo·

247 3355 328 3411 oum
350 3337 424 3432 (lp).
443 3341 483 3409 In
501 3329 694 3414 lustratione
721 3337 884 3416 dioececis
912 3357 1089 3436 quattrore
1114 3335 1269 3414 Semini·

589 3498 922 3536 mmmmm

289 3602 341 3688 (r)
361 3607 436 3668 Aen
457 3607 561 3669 litatis.
580 3610 626 3670 Τ.
643 3608 683 3669 11.
704 3608 846 3672 sennan
862 3617 930 3692 pag.
954 3623 1020 3672 rto.
1043 3655 1048 3662 ·

289 3703 341 3785 (ι)
362 3707 491 3772 Cordus
509 3711 542 3772 in
560 3711 621 3774 rita
640 3709 733 3791 ejusd.
752 3711 836 3775 Beati
855 3713 889 3776 P.
901 3713 926 3774 1.
946 3733 974 3774 e.
996 3733 1042 3778 tn.
1064 3720 1094 3776 rt
1111 3700 1180 3776 det.
1199 3702 1271 3776 uer·

247 3807 296 3886 tit.
312 3809 357 3874 Τ.
374 3813 414 3872 11.
433 3813 574 3880 Sunt.
587 3837 654 3901 με.
675 3819 742 3882 rod.
1132 3827 1136 3834 '

290 3920 343 4000 (5)
362 3917 439 3982 lhid.
459 3921 503 3984 Τ.
522 3923 577 3988 Ν.
596 3927 737 3989 sm.
757 3949 824 4010 pag.
847 3951 897 4010 9²·

293 4021 884 4121 (lilbid'l'dlsurbanprpep
946 4035 950 4042 ’
985 4073 986 4078 ,
