3259 4959
568 406 707 457 rossrnr
726 400 875 456 nrntsos
1175 404 1244 479 asp

274 526 369 597 Idem
387 516 495 619 jussus
514 522 557 594 ab
576 526 781 595 eminentiss.
801 524 920 595 Carolo
938 522 1037 594 Card.
1057 524 1239 596 lleaaonico

231 661 308 717 tunc
326 646 483 736 episcopo
502 645 657 736 patavino
668 698 678 731 ,
697 646 834 715 Antonii
854 644 1016 728 Soudini,
1034 645 1076 714 de
1100 645 1239 719 historia

230 766 454 837 ecclesiastico
474 765 603 859 egregie
629 766 761 852 meriti,
789 765 922 857 sibique
945 764 1159 851 amicissimi,
1188 768 1241 836 vi·

230 896 298 951 tarn
322 883 472 973 scripsit.
503 882 673 954 Naturalis
703 882 775 972 ipse
802 880 969 952 scribendi
996 881 1114 951 modus
1140 880 1242 953 fldem

226 998 349 1094 legenti
374 1002 454 1073 lacit
472 1020 506 1073 et
524 1004 611 1073 clare
630 1002 794 1085 ostendit,
814 1002 921 1072 virum
939 1000 1103 1092 optimum
1127 1000 1240 1069 alao-

227 1118 304 1189 tlato
324 1120 393 1188 viro
412 1119 536 1189 laudari
550 1122 620 1187 ‚Ex
640 1116 690 1185 his
713 1116 868 1184 omnibus
880 1138 1000 1206 magna
1019 1114 1242 1185 existimatio-

224 1237 278 1306 nis
296 1238 457 1307 accessio.
478 1236 653 1307 Orationes
671 1258 737 1303 non
756 1234 862 1304 semel
884 1256 1005 1318 cosas,
1033 1234 1070 1301 in
1094 1234 1240 1303 illustres

227 1350 286 1426 ille
306 1350 489 1441 adscriptus
509 1348 731 1432 Academias,
750 1372 770 1417 a
798 1347 964 1438 patavinis
982 1347 1147 1439 episcopis
1166 1372 1241 1417 nro-

225 1464 281 1556 gni
302 1461 430 1548 lactus,
449 1462 553 1535 sacris
573 1460 734 1533 reditibus
754 1460 796 1531 ab
816 1460 938 1532 iisdem
958 1478 1094 1547 auctus,
1118 1462 1239 1531 canti.

225 1582 354 1651 nulium
384 1582 484 1653 etiam
513 1580 664 1673 epistolis
699 1581 922 1665 honestatos,
956 1578 1087 1649 suiset
1116 1582 1239 1648 sutoris

224 1716 339 1773 nolus.

272 1816 337 1887 Sed
357 1814 399 1885 de
419 1816 471 1886 his
495 1816 675 1887 hactenus:
703 1842 790 1889 nunc
818 1818 861 1887 de
885 1815 1053 1902 moribus,
1071 1810 1129 1908 qui
1160 1840 1241 1887 sans

222 1934 362 2028 integri,
380 1936 553 2024 liberales,
573 1938 724 2009 honesti.
753 1940 830 2009 Fuit
856 1940 948 2010 enim
967 1959 1124 2031 perpetua
1149 1943 1238 2014 vitae

221 2052 313 2124 illius
336 2078 411 2125 cum
438 2058 585 2127 oratione
611 2058 802 2127 consensio.
832 2060 919 2128 Tam
944 2058 1055 2145 domi,
1074 2087 1173 2153 quarn
1202 2063 1238 2133 in

221 2170 335 2241 sociali
354 2196 547 2264 congressu,
564 2176 687 2265 politus
706 2176 831 2263 Joseph
850 2192 884 2243 et
902 2176 1008 2243 cultus
1023 2206 1032 2249 a
1048 2202 1113 2246 oon
1134 2182 1240 2254 multa
1290 2166 1295 2175 ’

218 2291 388 2363 tamenin
408 2288 564 2359 luminari
591 2316 741 2362 sermone
761 2288 937 2363 facundia.
968 2292 1069 2363 Omni
1091 2294 1239 2388 diligen.

223 2402 273 2473 tio
290 2400 515 2491 anundt'tr'om,
533 2428 599 2473 non
628 2402 871 2496 affluentiam,
897 2405 1078 2494 affectabat
1098 2414 1172 2502 (1).·
1201 2430 1239 2484 ut

221 2522 387 2593 videretur
410 2546 543 2613 semper
573 2547 651 2613 pras
677 2523 781 2594 oculis
809 2524 932 2596 habere
950 2525 1034 2596 illud
1052 2582 1062 2613 ,
1080 2528 1134 2599 Ne
1156 2528 1259 2623 quid

199 2678 200 2681 =
222 2634 337 2707 nirnt's.
358 2632 455 2709 Nihil
475 2636 550 2707 idco
568 2634 669 2707 fucati
689 2638 724 2707 in
743 2636 872 2725 verbis,
892 2638 927 2709 in
946 2642 1113 2727 vestibus,
1129 2644 1166 2713 in
1186 2670 1239 2740 ca-

222 2754 332 2845 pillis.
352 2755 447 2825 Talis
466 2755 594 2845 (liceat
617 2756 702 2827 mihi
720 2757 768 2828 ita
786 2757 877 2849 loqui
896 2758 1027 2830 adrem
1051 2763 1240 2851 exprimen-

222 2872 321 2958 dam,
341 2890 377 2943 ut
396 2875 490 2960 erat)
520 2874 596 2945 talis
626 2875 761 2945 omnino
787 2892 942 2965 umatus,
969 2879 1101 2969 qualem
1121 2880 1155 2951 in
1184 2882 1239 2953 di·

218 2985 324 3053 cendo
350 2984 495 3075 postulat
522 2988 780 3074 Quintilianus,
812 2986 920 3059 virilis
946 2990 1074 3060 scilicet
1096 3008 1131 3061 et
1154 3017 1237 3062 son-

215 3106 291 3165 etur
309 3097 381 3187 (a).
403 3098 523 3167 Decori
543 3100 815 3187 amantissimus,
835 3119 869 3173 st
887 3102 923 3171 in
943 3126 983 3173 eo
1001 3104 1161 3173 servando
1180 3104 1235 3175 di-

214 3213 320 3311 ligens
340 3238 438 3307 qoam
459 3214 516 3307 qni
536 3216 707 3287 maxime.
727 3218 872 3306 Dicam,
887 3220 974 3312 quod
994 3220 1234 3315 animadverte-

215 3331 284 3401 rint
300 3327 435 3400 fortasse
455 3349 489 3401 et
507 3334 584 3404 alii.
605 3338 700 3426 Quas
723 3337 778 3409 rel
805 3340 1021 3425 commonia,
1046 3356 1081 3409 et
1107 3364 1253 3438 parra,
1296 3390 1303 3406 .

215 3448 327 3518 nascio
347 3447 427 3541 quid
445 3448 617 3543 dignitatis
635 3454 834 3527 ridebantur
851 3482 981 3531 sumere
1005 3456 1049 3530 ab
1068 3456 1139 3554 ejus
1161 3484 1231 3531 mo-

215 3562 307 3641 ribus
323 3615 332 3635 .

487 3841 497 3853 V
559 3795 890 3829 ssmfflffl

242 3934 305 4013 ὶ(ι)
324 3930 425 4017 Nepos
445 3936 477 3997 in
496 3936 567 4002 Vita
585 3937 677 4000 Attici
697 3960 762 4025 cap.
786 3941 833 4005 13.

256 4036 307 4121 (a)
326 4038 454 4103 institut.
475 4036 529 4101 lib.
548 4040 578 4107 d.
600 4060 664 4130 cap.
684 4042 715 4107 5.
736 4064 771 4107 u.
793 4065 821 4113 t.

494 4120 536 4215 ¹4
