3259 4959
569 347 759 406 menaeus
778 345 874 405 vanu
1189 357 1240 432 79

218 471 365 568 Angelos
384 470 496 542 nescio
513 493 579 562 quo
595 471 712 542 subtili
730 495 866 562 corpore
889 471 1026 542 donatos
1049 493 1122 544 esse
1147 471 1238 546 affir-

216 590 352 662 mabat.
371 587 549 660 Nitebatur
566 586 604 657 id
619 611 697 658 cum
714 610 882 658 sacrarum
894 585 1150 680 scripurarum,
1165 608 1238 666 tun

217 727 365 780 veterum
384 712 520 780 Parrum
538 708 733 780 auctoritate
750 705 886 778 fulcire.

263 832 359 919 Quae
375 829 535 900 hactenus
553 827 724 915 enarravi,
742 825 912 898 contulere
930 822 1113 919 plurimum
1137 829 1181 900 ad
1197 855 1236 904 e-

216 941 269 1037 jus
287 966 408 1013 nomen
428 942 632 1034 augendum.
646 945 760 1034 Ipsum
780 961 857 1012 vero
875 942 975 1013 latius
993 942 1102 1014 adhue
1116 968 1244 1038 propa-⁴

217 1072 354 1149 garant,
371 1079 457 1148 quae
479 1079 559 1126 mox
577 1045 707 1126 dicam.
726 1058 824 1126 Anno
843 1057 956 1148 itaque
971 1059 1067 1149 o71ll
1086 1081 1106 1126 a
1123 1055 1239 1130 Sauri-

214 1177 310 1247 uario
336 1177 505 1246 traductus
531 1191 585 1245 eat
612 1175 648 1244 in
666 1176 838 1266 publicum
867 1173 1061 1266 patarinum
1080 1177 1234 1266 Gymna-
1361 1229 1364 1234 -

215 1297 321 1366 sium.
336 1294 390 1365 Ibi
408 1294 550 1385 logicam
570 1293 734 1385 professus
748 1313 800 1366 est
816 1295 997 1366 conductus
1016 1311 1236 1368 trecentorum

217 1411 416 1480 florenorum
435 1407 622 1497 stipendio,
642 1409 761 1498 quibua
778 1425 856 1501 post
872 1429 978 1480 anuos
997 1408 1157 1480 tredecim
1175 1411 1238 1485 ad-

218 1522 284 1593 diti
305 1537 386 1592 aunt
403 1536 537 1592 centum
555 1521 675 1613 viginti
694 1524 710 1614 (
733 1525 769 1614 ).

263 1637 402 1709 Publico
418 1636 507 1706 bono
525 1637 671 1707 intentus
697 1635 934 1708 scholasticam
952 1627 1164 1730 juv‘entntern
1187 1639 1236 1712 nd

213 1782 379 1854 organum
395 1756 611 1829 scientiarum
628 1756 777 1828 mium
794 1754 945 1826 instituit
964 1758 1034 1849 (2):
1048 1759 1233 1849 appellatus

80 1881 87 1897 “
215 1904 235 1948 a
251 1877 463 1970 Papadopolo
476 1875 645 1970 professor
661 1876 891 1964 clarissimus,
922 1873 1138 1969 philosophus
1156 1903 1233 1950 osu-

213 1990 364 2064 tissimur
381 1995 455 2086 (3):
485 2019 506 2062 a
523 1992 712 2063 Facciolato
735 1987 906 2080 professor
933 1989 1033 2082 longe
1049 1989 1234 2064 celeberri.

210 2134 285 2181 nuos
303 2111 378 2204 (4).
399 2115 510 2203 thue
527 2126 600 2181 arat
626 2109 831 2179 eruditarum
859 2108 1047 2198 linguarum
1065 2110 1232 2200 peritissi-

213 2245 309 2314 tnus,
327 2229 498 2319 quaelibet
515 2230 570 2297 vel
589 2226 739 2297 difficilia
761 2224 953 2315 explicabat
971 2223 1088 2310 facile,
1107 2231 1233 2320 perspi.

211 2362 296 2425 eus,
315 2341 494 2409 concinne.
514 2342 594 2410 lirat
609 2353 758 2408 contorta
775 2352 813 2408 et
831 2335 916 2408 acria
936 2336 1026 2406 illius
1044 2337 1170 2425 oratio,
1197 2357 1234 2410 et

212 2457 257 2528 ad
275 2457 541 2550 persuadentium
565 2457 704 2529 idonea.
731 2456 825 2548 Quid
850 2456 922 2551 ejus
941 2453 1096 2528 facundia
1121 2475 1235 2548 posset

210 2571 407 2643 inveritate
435 2571 575 2658 tuenda,
602 2573 712 2664 patuit
737 2595 780 2642 ex
797 2595 838 2642 eo
865 2571 919 2642 vel
947 2569 1232 2664 maxime,'quod

210 2715 300 2762 auno
320 2712 407 2784 1722
426 2690 558 2783 scripsit
576 2691 661 2761 sacri
680 2689 904 2784 theologorum
923 2691 1055 2782 collegii
1073 2689 1202 2784 jussu.¹

257 2803 485 2894 Quaerebatur
502 2820 579 2875 tuuc
596 2805 633 2874 iu
650 2829 786 2876 romana
804 2805 906 2876 Curia
925 2805 967 2876 de
986 2804 1162 2875 virtutibus
1173 2805 1233 2878 Se-

209 2907 354 2988 hodani
373 2917 483 2988 fratris
502 2917 545 2989 ab
556 2917 732 3011 Apparitio
749 2943 793 2989 ex
804 2919 977 2990 Minoritis
987 2971 997 3006 ,
1011 2936 1230 3012 cognomento

208 3039 410 3128 Pyrrustae.
429 3037 494 3109 nita
512 3060 578 3131 qno
595 3037 669 3127 (ita
694 3058 767 3110 rona
794 3051 905 3110 narrat
923 3038 1126 3135 Faopiolatua
1146 3039 1227 3134 (5))

553 3269 886 3302 “mmm

251 3432 303 3512 (r)
322 3431 522 3510 Faesulanus,
539 3437 618 3497 Fast.
638 3433 746 3520 Gymrr.
766 3447 828 3517 pat.
848 3432 936 3498 Tum.
957 3435 996 3498 11.
1016 3459 1082 3522 pag.
1102 3457 1171 3524 ²99·

218 3546 226 3562 '
249 3542 300 3621 (2)
322 3539 522 3626 Papadopolus
540 3542 572 3606 iu
589 3535 710 3604 historia
728 3541 869 3626 Gymnas.
890 3557 985 3629 putat.
1006 3545 1049 3608 Τ.
1074 3545 1099 3611 l.
1118 3543 1159 3610 ad
1175 3565 1225 3614 u.

214 3650 292 3732 ¹7¹⁸
310 3669 376 3732 pag.
398 3651 468 3733 ιθ).

252 3757 305 3837 (3)
325 3753 458 3818 Ibidem.

250 3861 304 3939 (4)
326 3863 408 3922 Loco
425 3861 474 3923 oit.
493 3881 560 3946 pag.
579 3881 648 3944 ²99·

250 3965 302 4050 (5)
321 3967 505 4057 syntagmate
523 3969 573 4035 tx
589 3991 656 4057 pag.
680 3965 750 4038 ud·
