3259 4959
361 296 425 377 188
813 306 896 365 tlt-⁴

353 460 391 513 ut
421 432 569 513 elddm
559 462 669 532 ipsum
698 438 767 533 iarn
795 454 866 509 tum
898 424 1119 528 designaverit
1145 442 1367 507 successorem

353 558 513 649 Georgius
541 552 712 680 Gopnelius
740 553 914 685 episoppus
939 551 1132 643 patavinus,
1160 551 1368 645 ingeniorum

354 690 389 743 at
407 642 645 757 humanamin,
668 686 768 762 quam
787 667 845 761 qui
863 668 1026 753 maxime,
1044 692 1153 739 rerum
1177 669 1343 760 prudens.-

398 784 560 871 Interim,
580 784 728 855 absoluto
748 782 928 853 studiorum
948 807 1064 870 cursu,
1082 784 1181 853 tertio
1197 791 1233 854 et
1250 783 1368 878 vigesi

352 926 409 975 mo
427 903 545 975 aetatis
563 928 649 974 anno
667 902 791 995 duplex
808 919 978 973 tentameo
996 901 1100 971 subiit
1117 902 1297 989 Antonius,
1310 902 1368 972 hi-

352 1018 475 1089 storiae
502 1016 638 1110 quidem
657 1018 901 1089 ecclesiasticae
927 1018 963 1089 in
985 1016 1195 1102 seminario,
1212 1016 1248 1085 iu
1273 1040 1368 1086 sacro

350 1149 461 1203 autem
480 1133 620 1226 collegio
637 1131 934 1228 jurisprudentiae,
953 1147 988 1201 et
1014 1155 1090 1201 eum
1109 1131 1140 1200 ei
1160 1131 1311 1201 vertisset
1330 1155 1369 1199 ua

352 1262 504 1360 tuumque
531 1270 711 1377 prospere,
738 1246 774 1315 in
794 1246 1026 1338 magistrorum
1048 1260 1179 1315 coetum
1204 1244 1367 1315 describi

352 1347 424 1448 1111,
444 1386 482 1432 ac
501 1360 619 1453 primis
645 1360 882 1453 grammaticae
906 1358 1103 1429 rudimentis
1130 1357 1300 1428 tradendis
1324 1368 1371 1428 ert

351 1476 557 1549 Seminarii'
549 1476 702 1555 instituto
720 1474 908 1545 addicitur.
930 1474 1008 1544 Non
1035 1472 1139 1542 multo
1166 1487 1240 1563 post
1263 1471 1370 1543 desti-

350 1612 464 1667 natam
490 1594 556 1665 sibi
581 1595 781 1685 palaestram
815 1594 919 1679 adiit,
936 1593 971 1663 iu
991 1616 1056 1684 qua
1075 1591 1215 1683 vestigia
1234 1592 1371 1683 reliquit

353 1710 420 1779 alte
439 1710 482 1779 ad
499 1710 788 1781 immortalitatem
802 1708 984 1800 impressa.

398 1828 502 1919 Vrget
520 1828 627 1899 adhuc
636 1878 649 1914 ,
666 1844 701 1899 et
719 1826 894 1897 efflorescit
911 1812 1060 1920 quotidie
1083 1826 1190 1918 magis
1216 1810 1369 1922 ciusdem

353 1968 495 2016 nomem
513 1945 798 2017 circumferuntur
820 1947 946 2038 passim
964 1962 999 2017 et
1024 1960 1221 2038 usurpantur
1247 1964 1371 2037 magna

350 2086 426 2135 cum
446 2062 633 2159 leudesius
652 2088 771 2155 opera,
791 2064 913 2157 quihus
937 2064 1003 2157 ipsi
1031 2063 1206 2134 eonsilium
1231 2059 1296 2131 fuit
1314 2077 1370 2130 toa

352 2194 421 2251 tom
440 2181 608 2252 Ecclesiae
627 2180 800 2251 historiam
820 2183 863 2253 ad
880 2202 1092 2253 communem
1114 2181 1298 2253 scholarum
1325 2202 1370 2247 ua

351 2319 426 2371 sum
444 2298 621 2391 redigere.
652 2302 701 2371 Ac
727 2301 873 2391 primum
901 2302 1037 2393 quidem
1067 2312 1142 2371 ann.
1170 2300 1279 2392 1726,
1298 2297 1368 2366 ΧΠ

349 2408 598 2485 dissertationes
629 2428 672 2483 ex
700 2413 818 2483 eadent
846 2414 1069 2485 ecclesiastiea
1087 2411 1226 2485 historia
1252 2425 1369 2483 esser:

353 2538 427 2622 ptas
455 2524 708 2624 propugnandae
731 2523 877 2625 suscepit
898 2524 935 2603 in
962 2546 1084 2625 magno
1109 2532 1365 2603 lectissimorum

288 2736 295 2748 ¹
350 2638 493 2717 virorum
514 2661 630 2718 coetu.
647 2646 712 2717 Hes
730 2636 832 2717 cessit
854 2637 991 2719 munitio·
1018 2635 1183 2734 feliciter,
1202 2637 1298 2739 cique
1324 2630 1368 2715 ad

350 2752 418 2829 alia
440 2784 632 2859 prosperum
651 2761 805 2852 praebuit
822 2762 918 2855 quasi
936 2781 1055 2833 omen.-
1084 2750 1163 2831 Non
1181 2761 1271 2831 curis
1294 2750 1367 2829 Aa..

351 2873 460 2949 tonius
479 2874 653 2965 pepercit,
671 2898 736 2943 non
756 2876 949 2962 laboribus,
965 2892 1002 2945 ut
1024 2876 1132 2946 multo
1148 2892 1226 2945 ante
1253 2898 1369 2945 crsrrced

350 3002 447 3078 ptum
461 3010 543 3078 opus
552 3010 591 3055 ac
609 2988 806 3057 meditatum
824 2990 1013 3082 perliceret.
1033 2992 1130 3059 Auno
1148 2989 1260 3079 itaque
1275 2992 1366 3078 173s

349 3090 521 3171 historiam
541 3099 678 3190 protulit
696 3102 930 3191 apostolicam
952 3101 1126 3172 historiam
1150 3123 1227 3170 vero
1253 3102 1371 3170 Famiae

351 3214 416 3284 liae
434 3230 547 3283 sacrae
569 3230 646 3283 ann.
669 3215 779 3308 1734,
796 3238 835 3285 ac
853 3217 1001 3286 tamdem
1020 3215 1247 3308 quinquennio*
1270 3232 1370 3305 post,

351 3332 437 3401 ritas
454 3333 653 3403 Pontificum
671 3352 880 3405 romanorum
907 3358 951 3408 ex
969 3336 1114 3428 antiquis
1141 3336 1367 3409 monumentis

276 3493 330 3549 ν,
353 3443 538 3539 descriptas
555 3448 631 3541 (1).

695 3648 1027 3689 ΜΜΜΜΜΜ

392 3850 442 3931 (1)
454 3848 577 3935 Scripsit
597 3860 626 3915 et
644 3852 716 3915 alia:
732 3876 767 3916 ex
781 3854 829 3918 his
845 3857 950 3941 partius
970 3852 1048 3919 edita
1065 3864 1137 3942 post
1151 3848 1214 3941 eius
1231 3868 1368 3938 nortem,

353 3958 593 4041 pertimuoudur
606 3961 685 4027 editu
701 3978 812 4028 exstant
828 3966 860 4028 'n
877 3965 1214 4036 summouentem
1223 3966 1368 4051 patarini·
