3259 4959
422 373 492 446 tta
886 374 973 432 vrrs

420 510 639 600 discessit31n
658 503 901 580 amoenioribus
917 522 1030 575 manen
1048 499 1168 572 studiis
1186 502 1315 574 solebat
1333 527 1369 574 se
1384 513 1449 581 ern·

418 651 546 713 ercere,
565 623 739 717 praecipue
758 619 793 689 in
821 635 891 689 arte
919 616 1068 710 poetica,
1092 617 1134 686 ad
1154 641 1253 710 quam
1273 616 1446 690 ferebatur
1593 680 1594 685 ,

420 739 579 836 peculiari
598 735 740 829 quadam
768 731 962 802 incitatione
980 745 1137 800 neutrae.
1156 733 1252 801 'listro
1274 733 1443 829 latinum,

419 859 507 952 quod
537 857 611 950 ipse
636 853 840 945 scripserat,
859 850 1065 942 epigramma
1090 849 1267 940 legendnm
1287 852 1446 941 praebuit

418 976 596 1052 Domlulco
614 973 791 1072 Macerino
810 970 847 1038 iu
866 968 998 1060 publico
1018 969 1192 1060 patavinae
1210 969 1301 1043 urbis
1321 970 1444 1040 Arcisi-

420 1089 592 1188 gymnasio
619 1085 851 1157 humaniorum
871 1083 1054 1154 litterarum
1074 1081 1290 1153 celeberrimo
1309 1083 1441 1174 profest-

417 1211 503 1280 sori.
521 1208 619 1300 Quod
638 1205 773 1298 quidem
788 1204 944 1276 Bartholo
962 1205 997 1273 in
1016 1203 1133 1293 primis
1145 1203 1250 1272 utile.
1266 1202 1359 1273 Adeo
1373 1205 1440 1275 sci·

417 1325 498 1396 licet
514 1323 566 1392 ¹uir
591 1320 734 1392 eximius
759 1316 910 1388 exhibito
929 1315 994 1386 sibl
1021 1316 1081 1385 illo
1111 1316 1351 1406 epigrammate
1377 1343 1440 1387 ca·

417 1457 494 1534 ptus
512 1455 564 1510 est
574 1491 586 1530 ,
604 1452 641 1508 ut
659 1435 724 1526 ipsi
744 1455 838 1504 suam
862 1431 898 1500 in
916 1430 971 1500 bis
989 1454 1124 1522 operam
1143 1430 1230 1500 ultro
1255 1429 1436 1515 obtulerit,

417 1569 452 1624 et
476 1549 639 1644 quaedam
667 1561 836 1639 praeterea
867 1544 909 1627 de
936 1544 1049 1636 lingua
1074 1566 1218 1634 graeca,
1252 1541 1345 1636 ocrim
1371 1544 1435 1613 itte

419 1663 680 1745 scientissimus,
710 1659 754 1730 ad
782 1657 853 1753 ejus
880 1657 1099 1728 eruditionem
1123 1656 1308 1748 conscripta
1323 1656 1436 1727 eidem

417 1763 607 1864 tradiderit,
627 1799 712 1870 quae
741 1777 915 1850 Bartholus
939 1777 1092 1868 religiose
1110 1775 1274 1860 serravit,
1292 1791 1328 1844 ot
1357 1797 1436 1865 pte·

417 1899 538 1969 tiorum
556 1910 808 1968 monumentum
817 1947 829 1982 ,
843 1894 975 1985 cibique
993 1895 1090 1965 valde
1106 1893 1341 1964 horroribeurn.

462 2013 601 2086 Interim
614 2011 758 2103 loseph,
773 2011 906 2082 amissis
922 2009 1076 2082 fratribus
1085 2063 1097 2098 ,
1107 2035 1219 2082 curare
1232 2010 1347 2080 debuit
1361 2031 1435 2082 rem

414 2130 652 2204 domesticatu.
672 2130 762 2200 Hinc
793 2131 904 2221 coepit
922 2153 965 2202 es
982 2129 1171 2202 moditione
1188 2129 1331 2218 suseepti
1355 2151 1434 2198 tau-

414 2248 503 2320 neris
535 2247 657 2320 ferrum
685 2247 858 2318 vendere.
883 2251 930 2318 At
955 2270 1021 2316 noo
1050 2263 1223 2336 propterea
1254 2243 1437 2314 intermisit

414 2360 603 2457 gratissima
625 2359 690 2433 sibi
710 2360 892 2432 studia.1n
911 2360 994 2430 baec
1013 2360 1072 2429 ille
1103 2358 1321 2452 impendebat
1340 2357 1438 2450 quid·

414 2479 496 2572 quid
515 2479 578 2552 sibi
600 2479 758 2571 temporis
777 2501 820 2550 ex
840 2479 978 2550 molesta
1008 2477 1226 2569 occupatione
1243 2493 1434 2566 supererat.

413 2593 613 2668 Nomotium
623 2589 634 2678 j
651 2616 715 2662 non
736 2591 904 2684 negotium
923 2591 966 2662 ab
990 2592 1058 2662 illis
1077 2616 1154 2664 eum
1172 2590 1348 2662 avocabat.
1367 2588 1432 2660 Li·

410 2707 488 2778 bros
506 2730 585 2802 prae
604 2706 758 2776 manibus
789 2721 947 2799 perpetuo
972 2705 1141 2793 habebat,
1166 2707 1220 2778 vel
1237 2706 1272 2776 in
1300 2703 1433 2776 cilicina

412 2825 454 2898 ad
482 2826 631 2918 pluteum
658 2823 776 2896 sedens
796 2877 808 2910 ,
832 2825 954 2896 iisdem
985 2825 1133 2897 maxime
1150 2824 1303 2909 deditus,
1329 2821 1435 2893 italae

411 2939 587 3032 praecipue
616 2938 706 3029 poesi
717 2991 728 3024 ,
748 2962 813 3030 qua
837 2940 935 3032 longe
953 2940 1129 3010 excelluit;
1158 2939 1211 3012 Ad
1230 2940 1314 3008 broc
1341 2937 1433 3007 exci-

411 3065 498 3120 tatus
513 3047 618 3118 fuerat
637 3073 657 3120 a
676 3050 919 3122 litteratissime
938 3050 1151 3144 Zeno,cujut
1169 3052 1228 3122 ille
1245 3049 1433 3121 amicitiant

410 3167 512 3238 coluit
531 3189 661 3240 summo
679 3166 804 3258 studio.
825 3167 1017 3240 Admodum
1035 3171 1170 3242 florente
1188 3185 1292 3242 astate
1305 3165 1434 3237 inim

409 3285 616 3378 epigramma
634 3285 804 3356 contexuit
821 3285 858 3356 in
877 3286 1010 3358 landem
1028 3288 1166 3361 Joaonis
1185 3285 1323 3360 Antonii
1345 3285 1432 3356 vut-

407 3400 457 3493 pii
477 3400 591 3471 latinis
612 3399 805 3494 praesertim
826 3400 976 3486 versibus
992 3400 1223 3487 celeberrimi,
1242 3399 1302 3492 qui
1320 3398 1430 3490 poeti·

408 3543 482 3589 cem
501 3518 630 3612 juvenis
648 3520 796 3593 indolem
816 3519 998 3591 admiratus
1018 3521 1049 3592 ei
1069 3519 1240 3612 respondit
1254 3519 1325 3589 alio
1345 3514 1432 3589 italo

408 3638 534 3729 pariter
558 3637 797 3730 epigrammate
818 3640 977 3712 similiter
991 3640 1187 3724 desinente,
1208 3636 1429 3727 similiterque

406 3756 566 3826 cadente.
588 3757 773 3850 Utrumque
792 3758 920 3836 editum
938 3757 981 3829 ab
1000 3759 1073 3851 ipso
1092 3757 1218 3850 Vulpio
1241 3778 1318 3830 aun·
1337 3747 1428 3849 1735

407 3875 803 3968 cumaliisptuneus„
1344 3855 1355 3910 ·'

449 3995 538 4066 Tum
556 4017 633 4066 tero
662 3995 733 4091 ejus
760 4021 899 4092 parens,
919 4014 1011 4072 mota
1028 3996 1134 4095 ipsius
1151 3995 1188 4068 in
1204 3992 1334 4068 tices
1351 3998 1429 4084 ΡΜ
