3259 4959
246 466 321 550 laco
340 476 429 548 nati.
448 479 498 549 Ac
516 497 559 546 ne
577 473 652 568 qais
682 471 765 544 forte
782 471 1001 565 impediretur
1018 475 1178 548 tenuitate
1206 475 1266 546 do-

249 598 379 671 lnestici
403 595 614 689 patrimonii,
632 593 807 691 quominus
827 593 932 665 bonas
956 611 1041 666 artes
1061 597 1267 688 acquireret,

249 714 319 784 suis
336 713 410 806 ipse
428 709 618 805 sumptibus
635 733 692 781 eos
710 725 745 780 et
762 725 994 802 praeceptores
1014 709 1144 797 alebat,
1163 711 1273 780 muni-

247 827 380 898 ficentia
398 851 483 920 quae
502 826 657 918 exemplo
676 839 766 896 caret
792 825 867 918 (r).
895 825 990 896 Idem
1009 823 1207 894 urbanitatis
1232 855 1270 898 a.

249 963 359 1018 mator
376 946 536 1042 jusserat,
554 971 616 1040 par
637 946 795 1042 juvenum
814 969 858 1015 ex
883 943 1032 1037 quolibet
1055 943 1272 1016 contubernio

248 1087 286 1132 se
304 1062 371 1132 sibi
389 1062 527 1147 sistere,
544 1060 674 1153 quoties
691 1059 764 1151 ipse
783 1082 820 1128 se
839 1081 880 1128 co
899 1059 1119 1145 contulisset,
1137 1074 1171 1128 et
1195 1057 1269 1128 olli.

245 1177 346 1246 closis
366 1175 475 1246 verbis
504 1176 682 1244 adventum
711 1172 889 1264 gratularis
910 1174 1027 1242 solitus
1046 1173 1184 1244 eosdem
1211 1175 1272 1248 be.

247 1295 349 1385 aigne
373 1294 550 1384 excipere,
568 1293 675 1380 iisque
692 1291 883 1361 humaniter
910 1291 1124 1382 respondere.
1156 1295 1269 1386 thue

245 1411 369 1481 arctius
387 1409 453 1480 sibi
472 1433 536 1480 eos.
556 1409 757 1494 devinciret,
782 1407 941 1499 quamdiu
960 1407 1009 1478 ibi
1038 1401 1267 1497 detinebatur,

247 1524 416 1615 quotidie,
435 1525 479 1594 iis
496 1521 746 1615 praesentibus,
767 1523 962 1614 mysterium
983 1523 1206 1616 celebrabat(
1230 1525 1267 1614 ).

293 1642 425 1713 Ibidem
445 1640 652 1712 habebantur
669 1641 822 1733 publicae
842 1643 1045 1714 Academiae
1059 1643 1264 1723 litterariae:

248 1755 424 1826 nonnullae
441 1756 544 1826 etiarn
563 1756 606 1826 ad
625 1755 733 1851 majus
752 1757 884 1826 illarum
904 1755 1003 1828 decus
1026 1757 1162 1829 habitae
1192 1776 1270 1830 sunt

247 1870 391 1940 atestino
410 1871 445 1939 in
463 1871 608 1962 oppido,
624 1872 712 1963 quod
741 1871 804 1940 tria
834 1873 945 1942 millia
963 1881 1119 1967 passuum
1136 1873 1269 1944 circiter

242 1973 363 2060 'tressa
381 1989 503 2076 distat,
522 2015 562 2061 eo
580 1991 855 2061 convenientibus
871 1991 1032 2062 audiendi
1053 1992 1157 2083 gratia
1177 1992 1271 2064 nobi-

245 2107 386 2179 lissimis
403 2110 484 2181 siris
501 2111 639 2180 Patauio
663 2110 787 2200 pariter
805 2123 840 2178 et
859 2108 1019 2181 Vicetia.
1040 2111 1089 2180 Ac
1117 2110 1269 2182 Vicetini

248 2225 404 2315 quidem,
423 2249 485 2316 pro
502 2226 636 2318 ingenio
654 2224 783 2316 patrio,
800 2225 836 2292 in
857 2225 1113 2296 admirationem
1140 2227 1270 2318 abrepti

246 2341 331 2414 illud
351 2361 515 2414 erectore
544 2343 722 2434 aliquando
749 2343 874 2434 precati
893 2358 990 2432 sunt,
1015 2358 1052 2416 ut
1071 2346 1135 2416 sibi
1156 2347 1273 2418 liceret

244 2463 465 2535 Academicos
484 2462 654 2534 vicetiam
672 2487 784 2533 secum
804 2461 976 2533 traducere
995 2465 1064 2534 suis
1084 2465 1267 2556 impensis,

247 2602 313 2670 quo
331 2603 407 2648 suas
423 2576 473 2647 ibi
487 2575 733 2647 lucubrationes
751 2576 885 2647 iterum·
892 2578 1068 2648 recitarent
1079 2631 1087 2648 .
1098 2579 1185 2650 Hinc
1201 2582 1274 2671 plu-

248 2698 326 2768 rimi
347 2693 435 2768 fama
455 2695 556 2769 exciti
575 2721 619 2768 ex
636 2697 773 2767 remotis
793 2697 896 2767 etiam
915 2686 1103 2791 regionibus¹
1121 2722 1160 2768 eo
1188 2699 1270 2767 mit·

247 2825 316 2880 tere
334 2811 419 2881 lilios
437 2835 532 2896 suos,
551 2825 588 2879 ut
606 2811 649 2881 ad
667 2811 826 2902 pietatem
846 2826 880 2880 et
899 2809 1024 2881 cultam
1043 2811 1201 2882 bonarum
1220 2837 1270 2882 ar-

247 2925 331 2992 tium
351 2924 603 2992 instruerentur.
630 2923 686 2996 Sic
711 2922 898 3015 Collegium
928 2925 963 2995 in
993 2921 1147 3019 magnam
1175 2921 1269 2998 brevi

243 3037 470 3109 celebritatem
484 3038 610 3124 evasit3
626 3035 660 3106 et
673 3036 746 3132 ejus
759 3055 872 3107 auctor
883 3063 948 3108 non
959 3037 1068 3109 minus
1081 3040 1267 3114 Ecclesiam

243 3153 350 3252 juvit,
369 3181 467 3248 quam
486 3156 762 3248 Rempublicam,
781 3173 819 3227 ut
836 3157 974 3250 optabat
992 3159 1065 3252 (5).

253 3367 258 3378 Ι
291 3273 360 3343 sed
379 3298 463 3364 quae
490 3275 708 3347 humanamm
737 3299 847 3348 rerum
870 3276 1017 3348 conditio
1037 3295 1087 3348 est
1106 3293 1142 3348 ut
1170 3277 1271 3350 lineni

248 3383 418 3476 habeant,
446 3391 563 3464 eadem
592 3411 627 3463 et
655 3393 751 3488 hujus
767 3395 911 3488 Collegii
930 3393 1014 3464 fuir.
1033 3397 1131 3466 Anno
1158 3394 1272 3490 itaqul

289 3752 342 3844 (ι)
358 3759 491 3824 liiecbia.
511 3761 542 3823 in
562 3763 623 3824 vita
642 3762 734 3844 ejusd.
756 3765 838 3826 Beati
855 3761 877 3828 l.
903 3787 929 3828 t.
950 3789 976 3831 c.
1001 3791 1049 3834 ta.

288 3865 339 3952 (a)
360 3872 428 3932 Aer.
448 3872 551 3935 uestit.
572 3875 676 3935 '1⁸.ll.
697 3877 837 3939 Summar.
856 3898 922 3962 pag.
943 3899 1012 3942 aro.

288 3975 341 4057 (5)
360 3974 437 4042 ibid.
453 3964 497 4040 T.
516 3977 573 4048 lv.
586 3977 726 4051 summm.
746 3990 812 4063 pag.
834 3981 903 4042 aad.
923 3981 994 4044 aba.
