3259 4959
655 641 659 658 '
735 653 942 728 CAPUT
971 651 1034 730 ΧΙ.

450 887 686 984 Typographr'n
704 887 749 959 ab
768 891 839 981 ipso
859 890 895 960 in
913 889 1100 964 Semiramio
1118 891 1326 966 instituitur.

742 1005 853 1098 Hujus
869 1005 1017 1090 [nactus.

422 1278 517 1430 De
531 1360 586 1431 his
605 1358 708 1431 satis.
727 1359 992 1445 Manlianum,
1011 1349 1040 1429 si
1059 1359 1168 1452 planet
1183 1415 1193 1431 .
1211 1363 1308 1433 Anno
1327 1363 1393 1434 ita·

370 1501 439 1572 que
472 1479 566 1554 1680.
605 1478 859 1573 typographiam
886 1479 1112 1550 Bnnnnurcus
1138 1479 1175 1548 in
1208 1480 1395 1552 Seminario

376 1591 529 1664 iunduvit
554 1593 823 1683 amplissimam,
841 1588 877 1659 in
908 1612 983 1659 earn
1011 1589 1210 1681 profundens
1229 1593 1394 1686 octoginta

376 1730 549 1783 aureorum
568 1709 675 1778 miliia
693 1711 747 1801 (n)
759 1760 768 1776 .
782 1706 1036 1795 Munifieentia,
1052 1733 1137 1800 qnae
1155 1711 1394 1802 propemodum

377 1831 464 1902 ultre
474 1827 592 1897 fidem!
607 1827 718 1898 Etiam
728 1825 772 1895 ob
782 1825 818 1895 id
834 1827 923 1895 locus
938 1826 992 1896 hie
1011 1827 1047 1897 in
1060 1841 1213 1920 magnam
1224 1826 1398 1898 celebrita-

377 1965 448 2020 tem
462 1963 598 2040 repeute
616 1946 722 2016 evasit
735 1944 859 2018 .Nuliu
883 1959 960 2014 tunc
979 1961 1050 2014 erat
1071 1944 1108 2014 in
1126 1942 1396 2036 hisregiouibus,

377 2067 431 2140 cui
454 2066 537 2138 haee
560 2065 725 2137 invideret
737 2117 749 2152 ,
772 2063 1016 2156 typographia,
1046 2063 1170 2156 quippe
1199 2083 1284 2157 quae
1308 2065 1394 2135 nulli

376 2185 570 2256 Italicarum
580 2181 724 2254 secunda
743 2180 796 2274 (2)
813 2231 824 2248 .
837 2177 989 2248 Pluribus
1000 2202 1076 2249 vero
1085 2177 1159 2270 ipsa
1172 2193 1243 2249 erat
1257 2177 1398 2248 adrnira-

377 2297 463 2371 tioni
477 2351 485 2367 .
500 2301 640 2373 Externs
659 2313 789 2388 quoque
808 2291 955 2363 nominis
974 2291 1064 2364 fama
1081 2291 1300 2386 impleverat.
1314 2295 1398 2362 Fere

378 2435 479 2484 nemo
494 2433 538 2480 ex
556 2409 684 2480 dissitis
704 2407 883 2499 provinciis
902 2406 939 2476 in
957 2409 1093 2479 ltaliam
1112 2409 1268 2496 veniens,
1287 2425 1321 2480 et
1338 2406 1398 2477 Pa-

378 2528 469 2599 savio
488 2526 651 2596 transiens
682 2525 822 2609 abibat,
852 2525 933 2614 quin
962 2547 1038 2594 earn
1057 2521 1240 2596 inviseret.
1264 2528 1397 2611 Nemo,

379 2643 438 2715 nbi
457 2663 534 2713 enm
551 2641 707 2726 vidisset,
722 2659 789 2708 non
807 2638 1012 2708 afficiebatur
1029 2639 1210 2730 plurimum
1229 2640 1320 2709 illius
1340 2641 1395 2711 ad·

377 2774 519 2853 spectu,
536 2772 574 2828 ut
591 2753 714 2848 egregii
744 2751 854 2845 'operis
878 2769 911 2821 et
929 2751 1170 2844 pulcherrimi.
1189 2755 1285 2826 Hane
1306 2754 1398 2826 inri-

379 2901 455 2952 sere
472 2899 552 2971 prae
569 2875 689 2948 ceteris
707 2869 924 2946 eruditissimi
943 2871 1006 2942 viri
1030 2873 1120 2959 duo,
1141 2874 1286 2945 ioannes
1314 2876 1397 2948 Mn-

381 2990 541 3064 billonins
553 3044 564 3079 ,
575 3006 610 3061 et
618 2989 803 3062 Bernurdus
821 2985 1106 3073 montfauconius,
1116 3011 1254 3081 eamque
1263 2990 1397 3081 seriptis

381 3111 451 3183 suis
463 3106 670 3183 celebrarunt
681 3159 693 3196 ,
704 3122 912 3179 reeensentes
921 3106 1030 3198 ipsum
1041 3107 1127 3177 inter
1139 3107 1316 3198 praecipua
1331 3109 1400 3178 Its..

382 3229 450 3301 line
469 3241 662 3298 ornamenta
680 3227 757 3319 (5).

428 3345 478 3415 Ea
496 3363 686 3434 graecorum
704 3357 740 3412 et
755 3339 934 3410 latinorum
950 3341 1058 3411 omnis
1078 3336 1208 3434 generis
1226 3339 1394 3413 characte-

723 3503 1056 3535 mssfflm

425 3633 476 3712 (ι)
493 3629 608 3697 senne
632 3631 787 3698 melchior.
814 3634 849 3698 in
872 3633 967 3700 noan.
993 3633 1092 3698 habita
1120 3636 1155 3706 iu,
1179 3633 1279 3696 iuuere
1299 3627 1396 3715 ejusd.

380 3733 466 3814 Beati
483 3755 514 3818 p.
532 3757 585 3798 nr.

425 3844 477 3923 (²)
497 3844 567 3906 Aet.
586 3845 691 3910 Bestii
709 3849 754 3911 'l'-
772 3849 828 3917 IV·
848 3845 989 3914 summu.
1005 3868 1073 3933 με.
1091 3863 1162 3928 2²9·

424 3945 477 4027 (3)
497 3945 655 4012 Manium.
672 3950 774 4015 Musei
792 3949 860 4014 lul.
876 3951 943 4014 nu.
963 3952 988 4013 1.
1006 3971 1075 4034 pag·
1095 3946 1166 4015 205.
1183 3957 1213 4012 et
1230 3943 1398 4012 Monnauu

378 4045 470 4147 We
487 4055 557 4123 ¹¹³¹·
572 4076 641 4146 Μ·
659 4077 716 4142 78·
