3259 4959
411 324 482 396 aas
646 371 677 386 .·
897 338 990 391 arun
1089 338 1094 348 ·

415 467 483 535 tius
509 462 673 557 poematis
696 464 792 534 stilus
820 482 898 534 est:
929 489 1065 556 maguus
1085 487 1193 536 rerum
1213 489 1251 536 ne
1273 461 1426 556 uersuum

415 603 541 652 nexus.
561 580 656 670 Quod
677 580 846 649 enimvero
861 578 1018 650 difficile.
1038 577 1112 650 Nee
1141 580 1250 650 minet
1269 581 1367 652 illud.
1387 587 1427 652 In

413 719 478 764 uno
497 713 531 764 et
549 696 666 781 eodem
685 711 782 764 cantu
802 697 911 763 exitus
930 693 1112 764 carminum
1133 707 1263 784 semper
1281 697 1429 782 venant,

411 829 474 878 nee
501 833 658 902 umquam
685 808 840 878 eumdem
872 805 1015 876 referunt
1045 808 1080 875 in
1109 808 1255 877 osdendo
1286 831 1425 877 sonum.

413 921 491 992 Non
509 947 576 993 uua
595 939 704 992 tamen
725 922 806 990 baec
827 920 989 1011 poematis
1008 918 1103 1014 hujus
1121 922 1190 990 laus
1206 922 1282 990 .Ibi
1299 923 1426 1016 elegan-

413 1041 482 1128 tia,
499 1057 533 1112 et
552 1042 729 1131 multiplex
746 1041 907 1109 eruditio:
928 1038 976 1108 ibi
997 1040 1164 1132 ingeniosa
1186 1065 1292 1110 rerum
1313 1040 1423 1108 inven-

413 1158 479 1245 tio,
497 1174 532 1229 et
550 1158 682 1248 sapiens
700 1159 823 1248 pariter
843 1159 1051 1244 distributio,
1075 1159 1205 1228 vividae
1234 1159 1422 1250 descriptio-

413 1297 472 1342 nes
483 1325 494 1358 ,
514 1270 651 1342 festivae
670 1269 853 1364 imagines,
868 1288 997 1363 aptaea
1018 1295 1053 1342 re
1073 1274 1236 1363 proposita
1254 1273 1425 1364 digressio-

411 1409 470 1456 nes
480 1439 491 1472 ,
505 1386 627 1478 partim
647 1385 690 1456 ab
709 1385 865 1472 historia,
881 1388 1001 1476 partim
1023 1386 1177 1476 petitaea
1198 1385 1327 1456 fabula.
1343 1388 1421 1458 Sua-

411 1505 507 1573 vitati
527 1506 562 1574 in
582 1504 735 1575 omnibus
755 1505 861 1576 mixta
881 1505 1043 1598 gravitas3
1060 1505 1095 1574 in
1115 1505 1269 1574 omnibus
1288 1507 1357 1576 sine
1373 1509 1422 1578 el-

409 1615 442 1688 lo
461 1615 535 1688 fuco
553 1619 702 1686 ueritatis
718 1619 825 1686 color.
855 1621 975 1686 Poema
995 1641 1070 1688 eum
1091 1619 1221 1708 'plausu
1247 1635 1420 1708 exceptum

408 1735 573 1805 aeivibus
593 1738 768 1827 praecipue
792 1736 1021 1824 bostrensibus,
1037 1737 1123 1826 quod
1141 1737 1276 1826 quidem
1295 1737 1356 1827 ipsi
1373 1755 1421 1806 te-

412 1855 490 1924 stati
510 1871 586 1924 sunt
606 1856 748 1944 publicis
767 1855 887 1924 litteris
908 1857 949 1926 ed
970 1871 1116 1924 auctores
1137 1856 1269 1924 usiosis.

455 1975 550 2060 Quae
576 1972 760 2058 haetenus,
785 1975 987 2043 Foreelliuus
1011 1973 1199 2042 eommunia
1213 1973 1327 2042 babuit
1346 1995 1420 2040 eum

409 2089 579 2176 Iaetes503
600 2115 684 2182 quae
700 2093 809 2162 dream
832 2109 942 2181 postea
952 2145 962 2177 ,
979 2109 1054 2161 suut
1067 2091 1137 2186 ejus
1157 2091 1253 2160 unius
1271 2091 1421 2180 propria.

407 2208 501 2279 Unus
525 2210 689 2299 siquidem
710 2211 857 2299 ejusdem
882 2213 1033 2301 Speronii
1053 2233 1159 2280 mores
1179 2233 1216 2279 ae
1236 2211 1343 2278 studia
1366 2235 1422 2278 ex·

406 2321 517 2413 posuit
532 2323 659 2392 erudite
677 2348 807 2414 prorsus
832 2343 864 2394 et
885 2341 1052 2394 accurate.
1074 2325 1274 2414 Opusenlum
1292 2326 1352 2392 boe
1372 2349 1425 2392 su.

408 2440 520 2530 spexit
538 2441 717 2528 plurimum
738 2443 893 2532 exquisiti
914 2441 1028 2536 judieii
1047 2443 1095 2510 uir
1123 2445 1255 2512 Marcus
1274 2445 1425 2510 Foseare-

408 2574 488 2637 nus,
508 2551 549 2621 de
579 2577 644 2643 quo
663 2570 760 2624 antea
779 2556 940 2640 diximus,
960 2571 993 2624 et
1023 2556 1144 2623 auctori
1171 2555 1268 2624 breue
1286 2556 1424 2646 quidem

407 2667 553 2756 elogium
574 2668 698 2751 texuit,
717 2669 775 2736 sed
795 2669 905 2736 verbis
924 2669 1059 2737 omniuo
1082 2669 1362 2758 exprimentibus.
1391 2667 1424 2736 tl

407 2783 523 2875 signer
541 2788 664 2854 Marco
682 2787 870 2857 Forcelliui
884 2790 898 2878 (
910 2789 957 2856 sic
983 2787 1066 2877 ille)
1085 2789 1137 2876 (ι)
1153 2786 1270 2856 scrisse
1280 2811 1343 2855 con
1363 2787 1431 2855 t'rrt-

408 2899 638 2988 pareggt'abi‘e
656 2914 866 2971 accuratezza
890 2900 924 2968 le
948 2899 1016 2968 uita
1036 2897 1128 2970 dello
1149 2901 1308 2990 Speroni.

456 3015 573 3102 Neque
588 3015 629 3082 de
648 3015 806 3105 Speronio
827 3017 953 3102 solum,
971 3019 1027 3085 sed
1049 3018 1149 3086 etiam
1166 3018 1207 3085 de
1221 3019 1340 3086 Josnue
1358 3019 1431 3086 Ca-

406 3153 444 3197 sa
463 3130 589 3220 optime
608 3134 743 3198 meritus
763 3134 984 3201 Forcellinus.
1004 3134 1083 3227 Ejus
1104 3159 1185 3224 opus
1206 3137 1218 3222 (
1239 3133 1320 3228 quod
1339 3134 1428 3203 trito

406 3246 565 3317 vocabulo
585 3246 612 3315 11!
632 3247 836 3319 aaronitas
852 3251 866 3341 )
884 3254 1074 3342 opportunis
1095 3250 1358 3322 annotationibus
1378 3252 1430 3321 il-

405 3363 585 3437 lustravit.
615 3371 689 3438 Nou
711 3368 883 3440 defuerant
901 3395 978 3439 saue
1000 3373 1211 3461 interpretes,
1233 3387 1266 3438 at
1290 3370 1365 3456 illi,
1385 3385 1430 3440 ut

405 3482 468 3555 boe
486 3509 587 3556 unum
608 3486 735 3574 dicam,
755 3506 921 3560 auctorem
950 3489 1183 3581 intemperanti
1204 3511 1313 3559 rerum
1341 3513 1430 3558 eon-

748 3697 1077 3729 Mfflfflfflfflfflwbm

446 3836 496 3912 (t)
519 3837 586 3900 Lib.
608 3821 638 3901 32
659 3839 1240 3909 Tem.1dellsletteraturereneziana
1263 3859 1330 3923 pag.
1352 3840 1437 3906 555.

405 3958 486 4024 pum.
504 3941 596 4030 asa..
841 3953 843 3958 ’
