3259 4959
548 343 697 401 roauurs
720 345 894 400 anuuarrr
1156 308 1243 416 543'
1300 391 1302 396 .

212 469 342 554 dicam,
370 489 408 538 ac
436 467 611 559 multiplex
636 491 717 557 opus
745 469 908 537 reddidit.
934 470 1121 560 Antequam
1148 492 1222 538 vero

214 589 272 658 ille
300 606 484 680 capesseret
511 589 596 658 hunc
619 589 787 673 laborem,
815 589 975 660 Venetiae
1000 612 1034 656 se
1063 587 1224 672 eontulit,

213 706 289 774 iude
309 709 480 780 Patavium
504 709 601 778 rediit
620 707 767 799 pluribus
788 707 1010 777 monumentis
1028 709 1225 778 instructus.

213 824 416 916 Quingentas
432 827 559 896 scilieet
576 827 668 898 illinc
683 851 794 895 secum
814 827 980 896 transtulit
992 829 1005 919 (
1016 826 1108 895 utait
1127 827 1199 916 ipse
1210 831 1240 916 )'

213 939 421 1010 membranas
447 961 563 1009 omnes
589 941 783 1029 antiquioris
803 941 899 1025 aeri,
918 958 1030 1009 notam
1056 941 1224 1010 undecimi

214 1079 251 1124 ae
271 1057 457 1126 duodecimi
478 1059 599 1128 saeculi
620 1059 856 1150 praeferentes,
876 1063 1047 1154 plerasque
1077 1077 1226 1150 sumptas

214 1175 254 1242 de
274 1178 342 1246 suis
372 1179 601 1270 autographis.
633 1179 703 1247 llas
732 1177 788 1248 ille
816 1179 991 1270 diligenter
1011 1179 1229 1270 perpenderat

214 1309 249 1362 et
267 1295 484 1384 exscripserat
504 1297 626 1385 partim
650 1319 692 1366 er
715 1296 895 1380 tabulario,
912 1297 997 1387 quod
1019 1298 1052 1364 iu'
1072 1297 1230 1365 coenobio

214 1406 248 1478 S.
269 1409 403 1501 Georgii
431 1409 595 1502 Maioris,
623 1411 743 1501 partim
776 1435 817 1479 err
837 1401 1042 1480 Castellano:
1065 1411 1151 1479 uude
1176 1411 1229 1478 in·
1291 1412 1293 1416 ’

214 1525 374 1592 crementi
395 1524 573 1614 plurimum
593 1523 845 1616 antiquitatibus
866 1523 1052 1614 patavinis.

260 1641 313 1709 De
333 1639 401 1710 rita
420 1665 548 1732 quoque
567 1640 684 1711 heatae
707 1641 864 1712 Beatricis
885 1642 1040 1732 scripsit(
1047 1641 1079 1729 r)
1098 1657 1230 1732 rogatus

215 1753 286 1825 aS.
306 1757 450 1847 Sophiae
469 1756 695 1838 Monialibus‚
724 1781 808 1846 quae
829 1755 940 1822 debito
961 1755 1128 1845 roligionis
1158 1753 1249 1822 oul-'

215 1885 251 1942 tu
277 1876 452 1946 servabant
476 1876 623 1968 ejusdem
652 1899 788 1964 corpus.
818 1874 901 1944 Eam
923 1893 1033 1943 tamen
1052 1899 1110 1942 suo
1140 1897 1230 1942 more

215 1992 367 2083 scripsit,
387 1991 554 2082 siquidem
576 1991 698 2060 multus
727 2008 777 2059 est
797 1991 831 2057 in
853 1989 894 2056 iis
915 1987 1117 2070 referendis,
1146 1991 1241 2080 qnae¹

173 2119 178 2128 '
215 2113 256 2182 ad
297 2112 552 2182 illustrationem
592 2108 758 2197 pertinent
788 2107 922 2174 illorum
956 2121 1160 2206 temporum,
1195 2129 1232 2174 ac

216 2229 321 2318 gentis
342 2228 441 2320 huius·
458 2226 602 2296 eximiae
620 2223 793 2314 Virginis.
811 2221 899 2292 ilinc
912 2223 1001 2290 enim
1016 2221 1082 2290 lare
1103 2224 1242 2312 putavit'

216 2346 232 2435 (
250 2344 528 2438 quemadmodum
548 2343 620 2434 ipse
640 2338 807 2433 affirmat)
829 2358 864 2410 ut
882 2341 1042 2410 illustrior
1061 2359 1233 2432 appareret

215 2457 287 2551 eius
305 2458 462 2528 virtutum
482 2457 655 2548 splendor.

260 2571 370 2642 Editis
389 2585 438 2641 tot
457 2571 572 2656 libris,
592 2596 652 2664 per
671 2595 727 2642 ora
745 2571 919 2641 horninum
940 2571 1077 2639 volitare
1105 2573 1242 2640 Brona-‘

216 2693 301 2768 tius.
319 2696 362 2763 Et
381 2691 515 2782 quidem
535 2692 673 2762 merito.
703 2693 788 2760 Acer
806 2691 864 2760 ille
882 2691 1098 2779 investigator
1117 2713 1154 2758 ae
1185 2689 1235 2756 di·

215 2809 321 2902 ligans
353 2828 499 2882 veterum
532 2811 785 2895 memoriarum,
816 2835 881 2878 non
910 2809 1133 2902 praeiudicata
1164 2809 1233 2896 opi-

216 2929 315 2997 nione
335 2923 482 3011 ducitur,
501 2951 566 2997 non
584 2926 712 2996 extima
739 2925 850 3016 specie
870 2923 1016 3008 fallitur,
1036 2949 1099 2992 nou
1130 2921 1238 2990 studio

216 3045 291 3115 aliis
311 3044 463 3133 placendi
484 3043 648 3133 allicitur3
668 3045 726 3116 sed
745 3069 803 3113 suo
833 3043 976 3134 pondere
1004 3063 1152 3134 quaeque
1178 3063 1238 3108 ex-

217 3159 363 3249 pendens
384 3185 402 3228 a
423 3157 514 3228 falsis
542 3181 619 3227 uera
650 3157 853 3242 secemit,a
882 3157 1032 3248 genuinis
1060 3157 1235 3226 submovet

217 3270 408 3356 subdititia3
427 3274 525 3340 certis
544 3271 679 3343 indiciis
698 3271 809 3341 omnia
830 3270 1067 3362 deprehendit,
1086 3271 1237 3362 illudque
1325 3275 1328 3283 ‘

218 3381 379 3479 judicium
399 3383 558 3474 praefert,
578 3386 718 3479 quadiu
739 3386 875 3476 paucis.

559 3552 890 3580 mmmmmmmm

257 3659 307 3736 (r)
327 3660 376 3719 De
394 3655 449 3719 liae
467 3658 528 3720 rita
545 3657 586 3721 ita
607 3657 745 3735 Lamias,
760 3656 883 3719 Novella
902 3658 995 3720 letter.
1017 3661 1114 3723 Tamo
1132 3645 1238 3726 XXff

215 3783 280 3846 pag.
306 3763 373 3824 238.
397 3782 463 3822 auu.
490 3763 572 3842 1769.
595 3761 696 3844 Opera
718 3773 884 3823 veramente
913 3761 1017 3838 dotto,
1037 3787 1054 3824 e
1080 3771 1234 3827 morsiccia

217 3886 233 3930 e
251 3867 341 3940 priene
363 3863 396 3922 di
411 3863 485 3924 bnon
504 3869 642 3928 criterio.
667 3863 742 3931 Vide
761 3865 847 3927 etiam
867 3867 899 3929 T
900 3885 955 3927 om.
972 3867 1018 3932 IX
1039 3869 1147 3931 Annal.
1178 3867 1234 3930 Cu-

220 3964 306 4035 mald.
327 3985 394 4045 pag.
415 3973 463 4042 42.
