3259 4959
472 308 543 412 tuq
722 337 807 394 nur
825 336 877 391 re.
895 336 1080 390 rnruorsor
1097 325 1306 395 sornoonrr'

473 480 510 532 ut
529 461 664 530 honeste
685 478 818 551 possent
845 460 1018 530 collocari.
1047 460 1216 550 Nepotem
1244 485 1341 546 vero,
1373 463 1486 536 relicta

475 575 633 670 pecunia,
653 575 781 644 institui
800 575 899 670 jussit
926 574 969 644 ad
995 572 1197 645 medicinam
1208 627 1219 660 ,
1237 575 1280 645 ad
1298 600 1403 667 quam
1427 603 1484 647 na.

473 703 544 759 tura
563 688 739 778 proclivis.

516 812 649 878 Annum
681 807 813 878 tertium
848 829 946 896 supra
981 803 1218 896 octogesimum
1246 803 1481 892 inchoaverat,

469 949 545 996 curn
564 924 719 995 decubuit
740 922 854 993 morbo
871 945 1063 1013 oppressus,
1081 946 1119 991 ao
1139 922 1252 991 statim
1274 921 1365 990 visus
1384 939 1433 992 est
1446 923 1479 992 ir

468 1055 617 1110 extremo
635 1035 723 1106 vitae
742 1035 1078 1125 discrimine.Quare
1090 1035 1263 1126 praesidiis
1282 1034 1352 1105 iliis
1372 1035 1479 1102 muni.

469 1167 520 1224 tus
540 1154 622 1236 fuit,
640 1174 724 1242 quae
743 1151 802 1220 tali
821 1148 857 1217 in
876 1172 911 1219 re
932 1174 970 1220 ac
989 1166 1136 1238 tempore
1166 1148 1267 1218 tribui
1286 1149 1398 1217 solent
1419 1151 1478 1216 Eo·

411 1289 416 1292 ·
468 1267 588 1337 ulesiae
606 1265 712 1358 jussu.
733 1263 795 1333 His
813 1263 967 1353 religiose
983 1262 1163 1352 susceptis,
1179 1261 1263 1330 obiit
1278 1278 1475 1351 postremum

468 1379 559 1448 diem
575 1379 626 1448 VI
650 1376 729 1445 Idus
747 1373 962 1466 Septembres
990 1399 1075 1444 anno
1098 1376 1184 1446 1800
1211 1374 1262 1443 vir
1285 1399 1352 1444 non
1376 1375 1476 1448 nrinur

467 1491 564 1584 longo
583 1489 737 1560 medendi
758 1515 837 1575 usu,
854 1513 954 1580 qurrm
973 1489 1122 1558 doctrina
1141 1489 1367 1560 clarissimus.
1385 1493 1476 1558 Acer·

467 1609 512 1680 ba
531 1609 652 1679 accidit
671 1608 740 1702 ejus
761 1632 851 1678 mors
869 1631 935 1676 non
955 1608 1023 1680 suis
1042 1622 1171 1680 tanturn
1191 1624 1226 1678 et
1242 1605 1471 1690 conterraneis,

467 1727 527 1797 aed
545 1727 695 1796 finitimis
712 1728 813 1796 etiarn
835 1728 966 1818 populis
984 1745 1019 1797 et
1037 1727 1240 1818 longinquis.
1257 1726 1346 1796 Mox
1360 1727 1469 1809 status,

466 1861 501 1912 et
518 1843 553 1912 in
573 1845 721 1936 sepulcro
740 1846 892 1915 conditus
905 1847 1024 1938 -gentis
1048 1872 1145 1920 suae.
1175 1845 1413 1920 circumfertur
1434 1845 1470 1914 il-

466 1961 530 2031 lius
550 1964 660 2056 imago
679 1964 721 2034 ab
741 1966 800 2035 illa
819 1966 1000 2057 exscripta,
1012 1990 1112 2056 quarn
1127 1966 1200 2057 ipse
1218 1965 1469 2036 adumbrandanr

466 2097 654 2149 curaverat.
675 2084 720 2151 At
738 2105 851 2153 veram
871 2107 950 2152 suae
978 2084 1101 2154 mentis
1122 2083 1263 2154 formum
1287 2085 1396 2153 viride
1417 2105 1468 2150 ex-

468 2219 618 2290 pressam
638 2181 754 2284 nobis,
767 2200 971 2291 posterisque
999 2200 1133 2292 reliquit
1156 2202 1190 2270 in
1214 2202 1350 2291 seriptis
1367 2199 1468 2270 editis.

513 2311 604 2380 llaec
618 2311 686 2382 sere
701 2313 813 2382 omnia
830 2313 1008 2406 diligenter
1025 2315 1163 2384 collecta
1183 2315 1226 2382 ad
1245 2337 1302 2382 me
1318 2312 1463 2393 mittenda

467 2429 594 2498 curavit
613 2429 664 2497 vir
682 2429 826 2500 eximius
837 2483 847 2515 ,
867 2431 1016 2522 mihique
1042 2422 1243 2525 jampridem
1269 2432 1416 2524 cognitos
1436 2442 1463 2494 et

465 2546 591 2616 amicus
609 2550 753 2619 Joannes
771 2553 887 2635 Ferro,
907 2549 942 2618 in
960 2550 1115 2640 patavino
1133 2550 1324 2621 Seminario
1342 2549 1382 2618 ab
1400 2547 1464 2617 ado

464 2666 624 2738 lescentia
642 2669 797 2738 educatus
806 2721 817 2754 ,
836 2684 952 2758 postea
978 2693 1055 2738 vero
1078 2669 1345 2760 archipresbyter
1363 2665 1460 2738 Villae

465 2785 581 2857 Novae
600 2786 642 2856 ad
660 2787 806 2859 Goiburn
827 2787 987 2857 dioecesis
1008 2787 1168 2858 adriensis
1187 2788 1378 2879 paroeciae.
1400 2785 1462 2853 Hu-

462 2899 516 2994 jus
535 2901 710 2992 praecipua
729 2897 802 2980 lons
818 2901 854 2970 r'rr
872 2899 1013 2970 ecclesio
1030 2913 1222 2970 sanctornm
1235 2901 1303 2991 (r).
1322 2897 1459 2988 Elogimu

468 3017 597 3087 scilicet
613 3019 720 3108 ,ipsius
739 3021 870 3110 insigne
887 3021 940 3090 vel
953 3020 1040 3110 apud
1060 3035 1208 3108 posteros
1229 3018 1385 3109 templum
1400 3015 1464 3098 erit,

465 3134 571 3202 multo
590 3159 688 3224 quarn
718 3151 815 3205 antea
842 3138 1068 3226 splendidius,
1087 3137 1159 3231 ejus
1178 3135 1344 3228 inprimis
1368 3155 1461 3224 pecu·

463 3252 521 3322 nia
549 3253 756 3341 restitutum,
786 3277 845 3324 serr
871 3257 981 3346 potius
1009 3281 1028 3326 a
1055 3256 1277 3328 fundamentis
1305 3268 1462 3332 erectum,

465 3374 645 3466 multiplici
659 3391 693 3445 et
709 3375 884 3446 excellenti
903 3376 1032 3467 pictura
1049 3395 1217 3466 ornatum3
1233 3375 1370 3470 populus
1384 3393 1461 3462 egre

462 3495 519 3587 gie
538 3492 713 3563 instmoms
724 3547 733 3580 ,
752 3511 786 3564 et
809 3493 993 3564 liberaliter
1020 3493 1181 3582 nutritus3
1209 3490 1379 3584 pastoralis
1394 3484 1460 3578 ejus

465 3606 674 3694 sollicitudo,
692 3625 727 3678 et
746 3610 937 3701 exemplum
956 3609 1045 3680 vitae
1064 3607 1261 3680 laudabilis.

803 3813 1133 3846 mmmmm

500 3959 553 4042 (ι)
575 3958 623 4020 n.
647 3963 712 4042 ¹49·
735 3980 762 4022 ¹·
