3259 4959
540 326 661 380 sscosr
678 325 888 379 caecinnae-t
1160 303 1226 382 133

212 442 251 547 in
270 470 345 520 eum
364 468 586 536 successorem
604 451 691 521 inter
708 448 769 518 hos
788 448 955 540 Angelum
975 447 1153 538 Blaneum,
1166 452 1225 522 ho-

212 567 337 635 minem
348 566 414 634 sibi
427 566 689 652 deditissimum,
700 566 910 657 maximeque
928 567 1116 638 devinctum
1128 621 1138 654 ,
1152 572 1223 659 Quo

214 703 282 748 non
296 677 486 750 devinctior
501 679 591 752 citer
609 682 683 771 (1).
700 681 797 750 Hune
815 678 938 750 levavit
949 697 1041 771 parte
1058 682 1167 751 nuens
1185 706 1225 754 ea

212 791 424 877 conditione,
444 809 482 861 ut
507 793 668 866 atestinos
697 791 834 862 clericos
861 792 983 862 litteris
1017 790 1224 880 institueret,

212 908 320 999 quoad
335 908 372 978 id
388 906 588 978 naraoniealis
606 904 706 976 cilicii
725 906 810 976 ratio
829 923 1013 998 pateretur.
1115 1000 1117 1006 Ι

261 1029 355 1116 Quae
374 1049 470 1116 porro
496 1023 587 1096 illius
614 1025 794 1094 miseratio
811 1026 846 1094 iu
866 1025 1008 1116 egenosl
1040 1019 1238 1096 Videbatur

218 1139 301 1210 baec
328 1163 406 1210 cum
432 1138 493 1208 illo
519 1159 650 1227 egressa
674 1160 718 1206 ex
735 1154 829 1208 utero
847 1139 983 1208 matris.
1003 1141 1042 1208 In
1074 1139 1230 1224 eosdem,

200 1281 322 1352 'paene
340 1258 507 1339 dixerim,
525 1255 703 1346 prodigus,
721 1256 870 1326 lacrimis
890 1257 991 1326 etiam
1011 1256 1127 1326 horum
1156 1281 1233 1347 pro·

213 1375 412 1466 sequebatur
429 1374 716 1444 aerumnas.Cum
734 1374 914 1464 aliquando
932 1397 975 1444 ex
993 1371 1025 1443 vi
1041 1373 1148 1444 morbi
1162 1397 1227 1442 non

216 1494 297 1564 satis
314 1493 381 1564 sibi
399 1507 582 1578 constaret,
608 1515 649 1562 ea
675 1486 870 1578 effutiebat,
898 1515 983 1584 quae
1005 1489 1228 1562 certissimum

217 1609 288 1702 ejus
312 1633 493 1701 propensae
511 1608 546 1677 in
566 1607 697 1706 indigos
727 1609 905 1680 voluntatis
935 1609 1112 1680 indicium.
1141 1609 1229 1678 Eum

217 1746 349 1792 sensere
367 1723 551 1810 benedicum
570 1745 649 1813 prae
668 1722 745 1793 aliis
766 1723 922 1794 omnibus
950 1723 1119 1816 Tauriliae
1146 1745 1230 1814 pau-

214 1865 330 1932 peres,
350 1839 467 1932 quibus
486 1840 626 1912 subsidii
645 1841 824 1933 plurimum
845 1857 1042 1912 testamento
1066 1841 1205 1932 legavit.

260 1960 314 2031 sd
341 1959 411 2053 ejus
441 1960 634 2052 religionem
661 1961 748 2050 quod
776 1959 922 2046 attinet,
941 1958 1005 2030 luit
1023 1983 1064 2028 ea
1090 1958 1227 2050 quidem

550 2131 883 2160 ΜΜΜΜΜ

216 2273 348 2360 patriae,
364 2270 423 2355 sed}
439 2258 501 2337 non
525 2272 621 2357 potuit
640 2268 758 2334 ulterius
776 2266 922 2354 progredi,
940 2273 1109 2336 necessariis
1133 2295 1235 2340 monu-

214 2394 319 2440 mentis
340 2396 459 2438 rarens.
542 2443 545 2449 ,

205 2487 209 2498 “
255 2482 373 2542 Interim
391 2491 521 2540 evaserat
540 2475 671 2553 celeber,
690 2485 846 2562 propagata
873 2495 925 2562 per
943 2489 1025 2564 typos
1044 2478 1138 2541 fama.
1158 2479 1230 2542 illu·

217 2565 323 2647 suibus
343 2564 512 2666 'adsenptus
532 2580 722 2654 Academis,
748 2579 963 2642 litteratissimis
993 2577 1064 2644 viris
1084 2577 1115 2642 in
1140 2583 1232 2666 pretio

217 2687 289 2761 fuit,
305 2684 416 2768 Vulpis
433 2678 662 2767 praesertimet
682 2681 863 2753 Faceiolato,
886 2704 970 2764 quem
990 2697 1020 2744 et
1037 2683 1141 2746 absens
1159 2682 1236 2742 litte·

220 2793 276 2863 ris,
285 2805 315 2854 et
325 2812 459 2874 praesens
469 2791 546 2852 omni
559 2809 674 2872 prorsus
687 2789 784 2850 offitio
795 2789 900 2852 coluit.
915 2790 1051 2856 Virorum
1060 2791 1145 2852 etiam
1154 2791 1235 2872 prin-

222 2895 317 2975 cipum
335 2893 460 2954 studium
474 2894 505 2952 in
524 2914 555 2952 se
565 2893 706 2953 convertit
716 2917 726 2966 ς
737 2913 805 2974 prae
820 2895 924 2956 ceteris
942 2894 1142 2957 Cardinslium
1155 2895 1239 2960 Liri-

218 3001 283 3060 zani
299 3013 329 3060 et
346 2998 481 3062 Bostbii.
502 3001 583 3085 Quin
601 2999 658 3082 ipsi
677 3000 834 3062 Benedieto
849 3002 929 3068 xlv
947 3000 1020 3064 adeo
1037 3025 1070 3064 sc
1088 3001 1234 3084 probavit,

216 3121 248 3168 ut
266 3105 303 3166 ab
321 3104 421 3166 eodem
438 3103 552 3167 oblatus
571 3106 616 3166 illi
634 3106 720 3166 suerit
740 3105 939 3188 episcopatus,
958 3105 1005 3168 cui
1035 3126 1066 3167 se
1092 3105 1233 3166 subtraxit

217 3205 350 3268 Andreas
369 3228 426 3266 nou
444 3207 555 3288 vulgari
574 3205 776 3268 moderationis
794 3207 943 3290 exemplo.
965 3209 1014 3269 Dc
1033 3207 1132 3270 eodem
1157 3227 1235 3278 men,

217 3310 324 3372 tionem
348 3309 457 3368 faciunt
482 3306 684 3390 premerides
713 3307 871 3372 litterariae
893 3307 975 3391 (Le
1003 3309 1131 3370 Ilboelle
1150 3307 1234 3370 della

217 3416 391 3500 repnbblico
411 3417 599 3493 terretorio)
630 3412 669 3476 ad
698 3435 805 3487 annum
833 3423 937 3500 1747,
967 3429 996 3480 ct
1009 3414 1234 3480 Mamucbellius

218 3523 289 3588 Vol.
310 3524 350 3584 ll.
370 3543 437 3605 pag.
457 3522 526 3584 522.

258 3627 347 3688 Anno
357 3625 464 3688 saeculi
471 3625 563 3710 elapsi
584 3639 662 3688 nono
674 3640 703 3687 et
725 3626 959 3709 quinquagesimo
982 3645 1018 3690 ex
1035 3627 1088 3691 bac
1105 3629 1165 3691 vita
1183 3629 1240 3688 sni·

222 3734 330 3814 gravit,
348 3731 540 3794 moerentibus
559 3734 775 3818 spectatissimis
792 3735 880 3812 viris,
905 3736 955 3818 qui
969 3734 1099 3800 eumdem
1120 3735 1235 3800 funebri

218 3838 384 3902 laudatione
405 3840 598 3902 exomaudum
619 3856 765 3904 curarunt.

260 3950 309 4028 (1)
331 3952 433 4013 Horat.
453 3949 475 4014 1.
499 3971 525 4011 r.
545 3949 608 4014 sas.
628 3949 658 4013 5.
678 3972 753 4016 rere.
773 3952 823 4031 43,
