3259 4959
378 346 426 457 du

384 493 534 570 condidit
552 494 808 567 monasterium.
828 491 971 569 loannes
988 483 1156 572 biaconos
1176 491 1229 596 (r)
1248 504 1397 579 recesset

384 620 615 688 ricunullorum
636 617 770 687 nonnius
790 643 831 688 cx
857 620 899 689 iis
925 624 1218 710 praestantissimis
1246 629 1393 717 clericis,

289 826 290 829 Ἴ
381 740 576 830 quibuscum
596 737 654 806 din
680 748 843 829 noctuque
870 739 1046 832 Gregorius
1065 743 1100 811 in
1119 762 1159 813 eo
1187 746 1393 817 versabaturs

385 862 454 930 llos
474 856 538 927 sibi
558 857 763 928 consiliarios
787 856 1047 951 familiaresque,
1075 875 1188 951 utpote
1206 862 1394 953 prodentis»

385 981 508 1066 simos,
525 980 691 1073 delegerat
710 979 801 1050 idem
821 980 856 1052 S.
873 981 1049 1073 Gregorius
1067 982 1229 1072 Magnus.
1248 984 1300 1050 De
1334 981 1394 1052 its

385 1096 460 1165 dem
481 1095 529 1165 sic
552 1094 793 1166 Thomassiuus
820 1095 896 1185 (ἡκ
920 1091 1238 1182 Hermodorum,
1269 1097 1396 1187 ioquit3

387 1208 479 1280 istud
497 1220 571 1279 erat
589 1210 722 1278 ornniuo
743 1202 969 1279 Seminarium
983 1220 1018 1279 et
1034 1206 1168 1297 seboin,
1182 1209 1237 1281 cui
1247 1229 1311 1303 par
1326 1209 1398 1281 nolu

385 1324 421 1395 la
444 1336 478 1396 et
497 1322 593 1395 nrrllo
610 1321 775 1409 secunda,
795 1320 984 1394 divinorum
1001 1322 1255 1417 disciplinarum
1280 1330 1316 1395 et
1342 1351 1396 1395 res

384 1437 580 1531 ligiosorum
600 1437 757 1517 virtutum
775 1436 969 1530 splendore.
989 1439 1220 1531 Praepositum
1238 1439 1274 1510 in
1300 1464 1341 1511 eo
1362 1466 1397 1509 a·

385 1551 486 1646 gebat
506 1552 706 1644 Gregorius,
725 1563 760 1622 et
783 1550 1031 1622 ruoderotorem
1050 1566 1086 1624 et
1104 1551 1316 1648 theologum.
1331 1593 1339 1624 .>
1358 1596 1394 1625 .·.

384 1665 503 1737 borum
526 1668 649 1759 parcns
677 1676 713 1735 et
744 1662 863 1735 doctor
888 1665 1086 1755 Gregorius.
1107 1668 1274 1737 Hactenus
1302 1669 1395 1738 rho-

382 1785 567 1855 messinas:

429 1908 523 1995 Quae
539 1904 594 1975 hic
613 1898 654 1975 ti‘e
672 1898 739 1975 illis
754 1898 888 1974 eximiis
907 1896 1056 1990 clericis,
1068 1923 1134 1973 non
1158 1918 1281 1975 temere
1300 1917 1395 1997 aptas

382 2020 412 2089 ri
430 2037 527 2133 pospe
545 2019 697 2089 videntur
715 2019 811 2112 hujus
830 2018 1021 2090 sodalitatis
1036 2018 1201 2089 alumniss
1218 2020 1266 2087 Ut
1284 2034 1320 2087 ut
1345 2033 1396 2087 ta·

381 2158 461 2225 meu
476 2136 517 2240 dp
532 2133 585 2203 his
599 2133 738 2228 judicari
754 2133 858 2224 possit
876 2133 918 2202 ab
936 2132 1035 2219 aliis,
1049 2148 1136 2203 certe
1145 2149 1310 2225 postrema
1328 2154 1397 2201 ver·

293 2290 295 2293 ·
378 2252 426 2325 ba
445 2253 583 2325 mirifice
603 2254 638 2322 iu
657 2256 694 2324 Β.
716 2254 934 2324 Gnucouum
952 2254 1092 2337 cadunt,
1111 2251 1216 2321 immo
1235 2250 1324 2320 idern
1351 2249 1399 2319 vi-

384 2368 480 2439 detur
498 2369 541 2439 iis
561 2366 744 2464 designarit
757 2366 834 2435 Fuit
847 2366 937 2437 eninr
954 2366 1072 2436 horum
1090 2366 1239 2437 omnium
1251 2390 1394 2457 praepo-

383 2486 487 2572 situs,
514 2486 727 2570 moderator,¹
755 2484 945 2575 theologus5
973 2508 1112 2574 parens,
1140 2486 1254 2555 doctor
1278 2485 1394 2553 beatus

382 2600 456 2689 ipse
475 2599 702 2680 Guaoourus,
720 2618 788 2664 non
807 2596 875 2665 disi
894 2596 1004 2664 Caroli
1031 2611 1180 2680 tantum,
1206 2596 1266 2664 sed
1291 2596 1394 2665 etiam

381 2714 420 2786 S.
439 2713 589 2805 Gregorii
608 2712 728 2805 Magni
755 2712 938 2782 aemulator
963 2711 1124 2781 eximius.
1143 2715 1183 2782 In
1206 2710 1303 2804 huius
1332 2713 1395 2783 So*

384 2827 502 2902 datitii
515 2831 698 2903 subsidium
719 2855 738 2901 a
757 2828 940 2900 Clementis
952 2831 988 2899 X
1005 2828 1222 2899 beneficentia
1239 2829 1395 2921 impetra-

387 2967 479 3021 verat
503 2952 707 3038 virbeatus,
727 2954 794 3045 (ut
817 2950 907 3019 idem
933 2948 1053 3019 latetur
1079 2950 1115 3019 in
1134 2950 1274 3041 epistola
1299 2974 1396 3041 prae-

388 3064 491 3137 missa
509 3065 770 3137 institutionibus
782 3065 824 3133 ad
843 3062 1009 3155 Oblatos)
1028 3063 1079 3158 jus
1099 3062 1395 3137 transferendiom·

386 3185 443 3277 pla
462 3187 526 3256 duo
542 3185 721 3256 sacerdotia
737 3200 895 3276 perpetuo
913 3184 1024 3253 cidem
1041 3180 1210 3253 Sodalitio
1223 3205 1374 3251 mansura
1383 3236 1395 3269 ,

383 3326 407 3371 a
426 3325 490 3392 quo
508 3300 631 3393 etipse
649 3322 805 3393 maguum
825 3298 934 3389 coepit
950 3322 1028 3368 suae
1045 3296 1219 3389 pastoralis
1239 3296 1396 3368 sollicitu-

386 3412 474 3483 dinis
490 3411 650 3501 fructum,
665 3429 699 3485 et
717 3415 871 3505 patavina
884 3412 1044 3483 dioecesis
1062 3397 1297 3482 institutionis.
1317 3411 1397 3480 Cau

322 3570 327 3581 ,
386 3529 508 3603 diualis
527 3556 614 3603 mors
629 3530 861 3626 superveniens
874 3531 1016 3602 consilia·
1028 3530 1205 3623 intercepit
1215 3581 1223 3600 .
1233 3528 1289 3601 Sic
1305 3550 1397 3599 mao-

728 3727 1057 3770 &accumbendum

429 3913 480 3993 (r)
502 3912 538 3975 ln
556 3902 627 3979 Vln
645 3906 677 3977 S.
697 3900 831 3996 Gregorii
850 3898 954 3995 Magni
970 3901 993 3976 i.
1012 3934 1041 3976 2.
1063 3925 1090 3975 c.
1116 3931 1161 3975 rr.
1186 3922 1233 3975 ro«

423 4016 480 4105 Ka)
499 4018 549 4088 De
566 4021 716 4089 retroiret
733 4022 992 4091 ncracEcclesirc
1010 4020 1127 4107 discipl.
1146 4022 1182 4087 Ρ.
1201 4022 1230 4083 1.
1250 4004 1272 4079 l·
1283 4016 1313 4082 3.
1324 4034 1349 4082 c.
1360 4014 1392 4081 5.
