3259 4959
753 614 964 688 CAPUT
1000 617 1046 690 X.

429 856 510 933 suis
528 853 589 926 itte
606 852 642 924 in
662 852 887 930 suninariun
904 851 1093 946 beneficiio,
1112 853 1301 950 Religionis
1316 872 1354 936 cl

495 968 671 1052 Ecclesiae
688 967 877 1052 catholicoe
899 968 1088 1054 utilitatem
1103 975 1297 1073 spectabat.

429 1221 523 1376 Sea
546 1327 591 1378 oe
612 1299 801 1375 aberremus
825 1326 846 1372 a
876 1325 912 1375 tc
934 1305 1120 1396 proposita.
1154 1309 1326 1404 Quidquid
1357 1313 1395 1396 in

379 1420 569 1506 §etninario
585 1423 756 1514 perliceret
781 1425 1026 1513 Banaaurcue,
1053 1425 1216 1500 referebat
1239 1432 1281 1502 ad
1304 1434 1399 1512 utili..

379 1551 486 1616 tatem
504 1537 691 1608 Ecclesiae.
711 1536 792 1607 ldeo
809 1537 968 1610 nimirum
994 1555 1064 1612 tam
1083 1543 1244 1615 sollicitus
1264 1545 1305 1618 dc
1332 1563 1399 1618 etue

381 1653 449 1729 diis
470 1649 722 1745 promovendis,
742 1651 784 1725 de
803 1669 891 1726 recte
909 1651 1126 1734 informandis
1145 1657 1291 1736 moribus
1311 1657 1395 1738 fuit.

380 1765 659 1858 Comparareeibi
679 1765 767 1835 viros
780 1765 934 1844 studebat
940 1769 1018 1864 ,qui
1030 1786 1100 1848 tam
1118 1769 1264 1847 doctrina
1273 1824 1284 1858 ,
1295 1797 1395 1866 quarn
1463 1829 1466 1840 .

379 1880 450 1962 vita
478 1881 605 1972 optime
628 1879 670 1960 de
690 1880 807 1960 eadem
830 1883 979 1962 Ecclesia
1002 1883 1121 1962 mereri
1144 1902 1299 1977 parcent„
1323 1890 1398 1958 Huc

324 1992 327 1996 ’
379 1999 574 2094 spectabant
592 2016 641 2076 tct
659 2000 730 2096 eiua
756 2000 885 2073 labores
910 2019 944 2072 et
962 2004 1132 2092 instituta,
1152 2029 1190 2076 ac
1210 2003 1341 2096 profusa
1360 2009 1397 2080 in

379 2119 500 2213 primis
522 2120 559 2199 io
582 2119 670 2204 hunc
693 2121 802 2201 locum
827 2122 1169 2226 beneficentia.Quod
1193 2125 1328 2218 quidem
1353 2149 1396 2204 ex

379 2233 451 2330 ejus
470 2237 571 2328 gestie
590 2255 720 2330 aperte.
737 2229 961 2330 Optabat'ille
981 2241 1192 2318 vehementer
1206 2240 1289 2310 duo:
1308 2264 1399 2331 grae.

378 2355 580 2431 cae·acilicet
595 2337 675 2432 cum'
690 2355 794 2430 latina
813 2355 961 2432 Ecclesia
980 2355 1212 2442 concordiam,
1228 2374 1263 2426 et
1285 2357 1396 2436 catho-

379 2467 463 2550 licae
482 2471 559 2545 fidei
578 2470 848 2566 propagationem
867 2491 926 2560 per
945 2455 1091 2546 Orientis
1110 2471 1314 2558 provinciae.
1342 2471 1397 2550 Ob

378 2561 415 2657 id
434 2586 610 2678 praecipue
628 2585 839 2657 orientalium
857 2584 1043 2674 linguarum
1063 2586 1208 2654 studium
1228 2602 1326 2674 atque
1346 2605 1395 2676 ty-,

378 2700 596 2792 pographiam
620 2699 656 2768 in
679 2696 901 2770 Seminarium
925 2695 1053 2766 invexit
1070 2750 1081 2782 ‚
1101 2696 1139 2766 in
1171 2699 1234 2770 hoc
1267 2698 1394 2790 ingenti

378 2814 520 2906 pecunia
538 2814 706 2916 insumpta
717 2866 726 2883 .
739 2813 802 2888 Cui
822 2829 993 2912 propterea
1012 2835 1104 2882 eacra
1123 2811 1165 2883 dc
1184 2815 1394 2906 propaganda

377 2927 443 3000 fide
465 2925 685 3022 Congregatio
709 2954 808 3021 quarn
832 2930 996 3006 maximas
1020 2928 1143 3020 gratiae
1166 2929 1236 3020 egit
1257 2930 1331 3019 (r).
1360 2933 1393 2999 Ie

378 3047 471 3116 enirn
490 3045 620 3123 volebat
638 3048 755 3119 harum
775 3048 961 3139 linguarum
980 3069 1042 3136 ope
1061 3044 1224 3116 introduci
1253 3067 1394 3137 evange..

376 3158 479 3232 licum
497 3165 671 3237 veritatem
690 3162 725 3232 in
744 3187 800 3232 cas
821 3163 987 3254 regiones,
1008 3162 1042 3229 in
1062 3157 1182 3252 quibus
1202 3175 1298 3228 antea
1325 3183 1392 3228 non

376 3299 465 3372 crat3
484 3285 537 3353 vul
555 3284 584 3352 ei
604 3301 774 3373 corrupta,
793 3283 939 3354 restitui.
959 3285 1068 3373 Atque
1088 3280 1172 3350 hanc
1191 3278 1234 3347 ob
1258 3303 1392 3354 caucam

378 3402 538 3495 plurimos
557 3403 707 3495 imprimi
731 3402 843 3472 libror¹
858 3403 962 3472 voluit
981 3399 1195 3472 orientalibus
1220 3398 1340 3468 litteris
1359 3413 1394 3467 et

374 3517 634 3607 characteribus,
655 3519 798 3610 graecia,
819 3517 977 3604 arabicis,
996 3514 1182 3601 hebraicis,
1200 3513 1340 3605 illyricis
1360 3527 1397 3590 et.

719 3751 1053 3786 *mmmmm

417 3919 467 4000 (r)
487 3921 555 3983 Act.
574 3920 678 3985 Beatil.
697 3919 740 3988 Τ.
760 3919 801 3985 11.
821 3918 962 3985 summer.
987 3937 1019 4006 p.
1040 3914 1090 3994 54.
1118 3933 1186 3997 ²07·
1213 3925 1244 3977 et
1264 3913 1307 3980 Τ.
1331 3909 1392 3980 Νι

376 4039 444 4106 pag.
464 4023 516 4087 aa.
