3259 4959
398 364 446 438 sd

402 498 548 570 triclinio
557 552 568 585 ,
586 495 640 567 vel
658 518 749 565 sacra
771 494 885 565 concio
903 494 1106 580 habebatur,
1124 494 1179 567 vel
1201 495 1356 586 ascetici,
1374 514 1414 569 nt

398 619 511 715 ajunt,
529 615 607 687 libri
631 614 769 709 alicujus
797 615 914 684 lectio.
943 618 1035 685 Haec
1053 638 1187 706 parcam
1214 616 1415 689 condiebant

401 739 533 806 illorum
552 755 725 829 mensam,
744 734 922 825 praecipue
941 756 1017 804 vero
1035 735 1117 803 Actu
1143 730 1415 809 Mediolanensis

398 851 573 923 Ecclesiae
592 850 661 944 (r).
681 852 737 923 Sic
756 852 807 923 illi
826 851 1008 921 reficientes
1026 848 1171 941 corporis
1193 849 1281 919 vires
1306 850 1412 919 etiam

400 971 550 1041 animum
577 969 787 1055 recreabant,
812 969 975 1062 negotiosi
1003 969 1057 1037 vel
1084 968 1159 1059 ipso
1183 966 1220 1035 in
1249 966 1337 1053 otio,
1356 967 1411 1036 cui

398 1086 608 1158 Gnauonrus
626 1102 822 1177 perpetuum
848 1084 975 1153 bellurn
994 1082 1181 1168 indixerat,
1198 1096 1236 1151 ut
1262 1081 1412 1151 omnium

399 1200 563 1270 malorum
582 1200 730 1270 maximo
758 1214 792 1269 et
817 1196 979 1293 juventuti
997 1175 1302 1287 perniciosissimo.
1327 1196 1414 1266 Mox

399 1344 420 1389 a
438 1320 578 1411 prandio
596 1321 648 1389 vel
668 1339 768 1391 coena
788 1342 903 1388 recens
922 1316 1088 1386 ferebatur
1105 1317 1141 1385 in
1160 1315 1322 1405 ternplum
1342 1314 1414 1406 qui-

393 1436 499 1528 libet,
518 1454 648 1513 acturus
658 1493 668 1525 ‚
682 1454 720 1508 ut
738 1464 797 1531 par
815 1455 905 1521 erat,
919 1439 1041 1530 gratias
1058 1440 1148 1523 Deo,
1162 1436 1333 1507 Christum
1352 1460 1412 1508 ve·

393 1574 563 1628 necaturus
594 1556 762 1629 involucro
788 1559 886 1649 panis
915 1556 1084 1627 obtectum
1109 1558 1186 1649 (2).
1210 1556 1300 1627 tum
1325 1556 1412 1628 rela-

394 1695 475 1749 xare
494 1679 642 1747 animum
662 1682 681 1748 a
700 1678 786 1748 curis
806 1678 942 1748 datum.
971 1676 1105 1747 institui
1124 1692 1241 1767 postea
1265 1679 1412 1767 pomeri»

393 1788 494 1866 diano
512 1798 647 1889 quidem
667 1814 816 1891 ternpore
835 1821 927 1868 sacra
944 1798 1064 1867 lectio:
1084 1798 1137 1868 cui
1157 1822 1307 1893 semper,
1327 1824 1411 1891 quo-

399 1914 464 1985 ties
491 1917 618 1989 ibidem
646 1936 761 2006 esset,
791 1919 948 1988 intererat
973 1920 1229 2008 Bonamicus,
1254 1920 1353 1990 modo
1376 1919 1414 1989 in

394 2034 515 2105 sacello
539 2034 741 2122 domestico,
756 2035 856 2105 modo
874 2032 908 2102 in
926 2033 1037 2125 aliquo
1060 2031 1295 2124 contubemi03
1311 2046 1413 2124 saepe'

396 2148 513 2217 solitus
533 2147 744 2240 interpellare
771 2166 1006 2240 magnonem,
1026 2166 1079 2236 et,
1099 2166 1269 2241 tamquam
1297 2169 1413 2241 parer,

396 2264 520 2357 alloqui
543 2266 628 2336 lilios
656 2292 750 2355 suos,
774 2267 911 2359 quoru'm
933 2284 1004 2337 erat
1029 2292 1153 2339 corona
1171 2267 1317 2336 cinctus:
1343 2265 1417 2336 Fili

396 2380 542 2474 (ajebat
560 2382 650 2452 idem
671 2384 847 2472 unicuique
867 2382 903 2451 in
923 2384 1111 2453 ostensione
1128 2377 1268 2472 spiritus
1286 2392 1320 2450 el
1347 2382 1413 2450 vir-

401 2488 487 2561 tutis
505 2494 559 2580 (5)
581 2489 595 2581 )
614 2492 703 2577 Fili,
723 2495 821 2583 quusi
848 2519 870 2560 a
889 2494 986 2583 fiscis
1013 2493 1161 2578 colubri,
1181 2494 1270 2587 firge
1292 2518 1414 2585 peccu-

399 2610 439 2673 ta
458 2602 530 2693 (4).
550 2606 637 2671 'l'urr'r
657 2602 790 2673 divinae
817 2606 943 2695 gratiae
967 2607 1223 2691 necessitatem,
1248 2624 1304 2675 aut
1331 2604 1412 2695 quid

401 2701 591 2811 'hujusmodi
612 2715 804 2809 plerumque
823 2719 867 2787 iis
886 2714 1073 2788 inculcabat
1093 2706 1222 2811 (5).'1n
1242 2744 1283 2789 eo
1301 2738 1413 2792 autem

398 2828 611 2923 potissimum
633 2846 720 2903 totus
732 2849 868 2919 erat‚ut
880 2833 1012 2903 illorum
1026 2833 1154 2903 animos
1174 2835 1209 2905 in
1226 2834 1415 2906 dominicae

349 2968 355 2980 ‘
405 2949 571 3039 passionis
591 2950 807 3021 meditatione
836 2952 990 3043 defigeret
1008 2954 1081 3043 (6).
1100 2953 1193 3040 Hac,
1221 2954 1414 3049 dulcissimo

399 3060 495 3153 quasi
514 3059 657 3157 pabulo,
684 3066 817 3136 eosdem
845 3064 1112 3157 frequentissime
1130 3069 1271 3141 recreari
1294 3068 1411 3161 cupiu-

736 3326 1067 3359 mmm

436 3494 488 3573 (r)
511 3492 578 3557 Aet.
598 3494 702 3559 Beatif.
719 3496 763 3559 T.
783 3494 839 3561 IV.
858 3518 924 3583 pag.
943 3500 995 3561 do.

438 3602 490 3681 (a)
511 3602 639 3664 institut.
659 3602 698 3665 ad
716 3605 825 3671 Senia.
845 3609 956 3693 Regin.
975 3630 1042 3695 pag.
1061 3610 1112 3674 63.

442 3706 493 3786 (5)
513 3710 538 3771 Ι.
559 3708 598 3771 ad
616 3710 748 3776 Corinth.
768 3732 798 3777 2.
819 3722 850 3793 4.

435 3808 487 3890 (4)
507 3812 702 3880 Ecclesiastic.
724 3840 773 3881 21.
791 3840 823 3899 22

434 3912 488 3993 (5)
509 3916 578 3979 Act.
599 3914 704 3982 ssesur.
722 3922 767 3984 T.
786 3922 843 3990 IV·
862 3922 1002 3991 Summas.
1021 3942 1088 4011 pag.
1103 3922 1156 3990 52·

433 4020 487 4103 (6)
507 4021 586 4091 ibid.
603 4026 649 4094 Τ.
666 4028 709 4095 11.
725 4031 868 4097 smmi.
884 4052 951 4121 pag.
971 4047 1020 4117 7⁰.
