3259 4959
644 639 815 713 VITA

356 869 842 996 MICHAELIS
886 865 1130 990 VERII

272 1613 330 1776 Iu
348 1691 502 1764 vioetinis
519 1689 688 1764 montibus
713 1715 779 1762 non
798 1691 897 1786 longe
926 1691 969 1762 ab
997 1691 1120 1786 oppido
1134 1717 1245 1768 maro-

226 1810 363 1890 stieensi
380 1811 551 1881 Plauetiae
569 1827 758 1898 occurrunt,
776 1812 917 1882 rusticus
936 1812 1094 1904 quidem,
1113 1813 1173 1884 sed
1193 1830 1246 1888 ta·

225 1947 304 1996 tuen
322 1925 460 1999 illustris
477 1927 587 2012 loeus,
605 1925 694 2021 quoti
711 1925 854 1996 eximios
879 1911 1084 2018 professores*
1105 1929 1187 1999 duos
1206 1951 1245 1999 e-

224 2042 349 2120 diderit
366 2045 500 2138 publico
527 2045 683 2136 patavino
712 2045 906 2136 gymnasio,
939 2046 1146 2118 Michaelem
1174 2049 1249 2120 Ve-

224 2162 333 2248 tium,
351 2179 386 2233 et
401 2163 586 2254 Iosephum
602 2162 787 2247 Toaldum,
808 2179 984 2253 utrumque
1003 2179 1101 2234 autea
1123 2166 1160 2235 in
1183 2165 1246 2238 Se.

226 2278 372 2360 minatio
393 2281 550 2368 patavino
567 2278 759 2361 educatum,
773 2295 950 2370 utrumque
967 2279 1096 2348 ibidem
1116 2303 1248 2371 praete-

226 2393 333 2485 pteris
352 2389 460 2462 officio
483 2389 651 2462 functum.
678 2395 788 2461 Pauca
814 2415 903 2462 nuno
931 2391 973 2462 de
1001 2392 1125 2464 Verior
1153 2393 1248 2489 cujus

228 2501 360 2580 ianrilia
379 2531 420 2575 eo
438 2529 474 2576 se
491 2504 656 2596 recepisse
671 2503 740 2600 jam
760 2505 889 2596 pridem
909 2505 1030 2576 dicitur
1045 2531 1088 2576 ex
1106 2507 1250 2580 florenti·

231 2646 278 2694 na
313 2621 483 2716 republica
511 2619 710 2692 turbulentis
742 2619 888 2690 motibus
922 2636 957 2692 et
987 2621 1252 2704 dissensionibus

230 2755 325 2812 acta.
459 2797 463 2820 .

277 2857 342 2928 Hic
359 2874 470 2931 ortum
497 2855 616 2928 habuit
641 2856 794 2928 Michael
811 2881 864 2928 nr.
882 2854 959 2926 idus
977 2856 1134 2928 Octobris
1161 2883 1249 2940 anno

229 2989 348 3064 quarto
378 2988 413 3045 et
442 2973 716 3066 quinquagesimo
747 2970 873 3041 saeculi
904 2997 990 3044 xvrt.
1013 2999 1024 3060 3
1051 2972 1108 3064 qui
1134 2989 1252 3062 postea

228 3085 267 3158 in
286 3091 508 3165 Seminarium
528 3109 685 3186 exceptos
696 3145 706 3177 ,
719 3091 828 3185 primo
846 3091 974 3163 scilicet
992 3115 1030 3162 ae
1049 3090 1257 3186 septuageni,

232 3227 289 3277 mo
306 3212 454 3306 ejusdem
473 3213 596 3285 saeculi
615 3213 678 3284 tal.
694 3211 864 3300 Ianuarii,
880 3235 900 3282 a
916 3212 1097 3283 rhetoricae
1114 3211 1252 3303 primor-

232 3322 299 3392 uiis
326 3326 508 3398 studiorum
535 3352 669 3400 eorsum
695 3344 747 3400 est
763 3353 877 3398 orsus.
905 3331 955 3400 Eo
973 3351 1059 3398 anno
1084 3325 1252 3418 ingressus

233 3457 285 3510 est
311 3439 532 3514 Seminarium
559 3446 709 3530 Varius,
732 3469 798 3539 quo
825 3445 1048 3518 Seminarium
1076 3444 1188 3537 ipsum
1214 3442 1253 3514 in

233 3555 431 3648 ampliorem
448 3557 559 3628 locum
578 3582 597 3628 a
615 3561 653 3629 B.
673 3559 833 3650 Gregorio
851 3557 1035 3631 Barbadioo
1054 3561 1252 3632 translatum

232 3692 306 3763 est,
325 3699 365 3746 eo
384 3677 513 3778 scilieet
531 3677 588 3747 ubi
604 3677 696 3748 idem
716 3676 750 3746 in
771 3701 926 3769 praesens
944 3679 1108 3769 comitum
1126 3694 1164 3750 ut
1181 3703 1254 3770 pro-

237 3807 352 3882 pterea
370 3794 587 3865 recensendus
605 3792 652 3865 ait
668 3792 756 3865 inter
772 3792 950 3866 Seminarii
969 3793 1067 3890 hujus
1087 3791 1255 3887 primitiae

242 3907 385 3980 Verius.

283 4031 381 4120 Quod
396 4031 438 4104 ad
458 4029 529 4128 ejus
547 4035 791 4108 institutionem
809 4033 970 4130 pertinet,
982 4031 1070 4108 nihil
1083 4045 1256 4138 praetereo
