3259 4959
408 338 473 414 spa
818 354 826 379 -,
876 320 963 373 vrrs

398 477 469 529 tera
488 452 639 551 ejusdem
659 444 840 519 historiae.
864 441 963 514 Nora
979 440 1063 511 haec
1080 437 1193 511 oblata
1216 438 1282 533 ipsi
1301 457 1354 511 est
1372 466 1426 514 oc,
1541 448 1550 457 “

396 574 486 645 casio
506 567 664 665 prodendi
683 566 755 635 sui.
775 566 822 633 At
840 560 901 630 ubi
920 556 1072 651 prodiere
1095 578 1278 648 responsa,
1295 560 1425 631 theolo-

402 715 462 784 gus
485 690 584 759 dnum
603 682 737 756 vivendi
758 680 899 751 lecerat.

446 807 655 874 Renovarunt
673 812 787 887 postea
806 792 932 863 bellum
951 789 1162 880 Lipsienses.
1178 790 1307 860 Homm
1328 816 1423 863 accu-

399 916 543 987 sationes
562 912 726 983 habentur
741 909 777 977 in
796 902 1036 996 supplementis
1055 902 1099 973 ad
1117 904 1215 973 Nova
1229 904 1317 977 Acta
1340 908 1420 977 Eru-

400 1034 544 1105 ditorum
563 1054 639 1101 ann.
675 1026 761 1121 1737
787 1024 923 1115 Lipsiae
950 1021 1050 1091 editis
1077 1022 1174 1089 Tuan.
1193 1024 1229 1091 11
1246 1037 1326 1092 sect.
1346 1046 1369 1117 9
1387 1040 1423 1093 et

402 1172 456 1223 aa.
477 1143 630 1236 Singulas
651 1139 763 1231 paucis
787 1138 947 1229 quidem,
961 1134 1020 1204 sed
1038 1156 1168 1224 prorsus
1183 1136 1347 1208 Antonius
1367 1137 1421 1206 di-

398 1267 482 1351 luit,
501 1264 664 1351 integram
684 1262 718 1327 in
738 1254 917 1326 referendis
941 1268 976 1323 ct
995 1250 1201 1342 explicandis
1218 1253 1288 1323 suis
1312 1254 1420 1325 verbis

399 1377 568 1471 requirens
587 1374 623 1441 in
644 1367 887 1441 accusatoribus
906 1367 1024 1437 fidem.
1044 1367 1138 1454 Quae
1156 1364 1210 1434 his
1229 1368 1418 1457 respondit,

400 1512 570 1587 tamquam
584 1490 780 1561 mantissam
791 1484 959 1559 historiois
969 1481 1248 1574 disputationibus
1262 1484 1417 1580 subjicit.

348 1678 350 1681 .
445 1610 611 1682 Tamdem
629 1604 883 1696 christophorus
903 1602 1090 1674 Guilelmus
1112 1600 1302 1675 Franciscus
1322 1604 1415 1675 wal.

400 1725 496 1795 chius
513 1725 617 1795 Jenas
635 1716 801 1789 Professor
820 1715 954 1807 scripsit
971 1731 1084 1785 contra
1102 1714 1364 1804 disputationem
1381 1718 1420 1787 il·

405 1838 470 1907 lius
486 1835 681 1927 vigesimam
701 1832 742 1903 de
761 1828 996 1903 concitatione
1013 1827 1172 1899 Lodorici
1191 1828 1244 1902 Pii
1256 1830 1298 1901 ad
1312 1830 1346 1902 S.
1364 1831 1423 1901 Pa—

407 1951 556 2025 sebalem
574 1952 604 2021 1.
623 1951 780 2040 Quaeque
805 1947 999 2038 scripserat,
1018 1942 1143 2036 publici
1163 1943 1244 2038 juris
1271 1944 1349 2015 lecit
1367 1969 1426 2039 per

369 2154 375 2165 ἱ
404 2085 501 2160 typos
525 2066 659 2158 Lipsiae
679 2090 754 2135 ann.
777 2066 875 2159 1749.
898 2066 987 2140 'I'um
1006 2063 1127 2135 librum
1148 2062 1241 2166 misit
1257 2087 1332 2133 cum
1355 2064 1424 2155 epi-

402 2186 488 2257 stola
509 2185 552 2256 ad
571 2182 775 2270 sandinum,
801 2183 957 2253 eumdem
976 2180 1213 2273 benignissime
1236 2182 1279 2253 ad
1291 2207 1422 2275 respou-

405 2304 551 2377 dandum
567 2303 718 2375 alliciens
724 2324 780 2390 ,se
791 2302 1037 2393 paratissimum
1057 2298 1126 2370 lore
1146 2300 1423 2393 affirmansquae-

301 2480 304 2485 .
404 2423 489 2493 libet
516 2439 719 2507 retractare,
745 2423 774 2492 si
802 2445 945 2495 errorem
976 2438 1107 2493 nosset.
1132 2420 1196 2493 cut
1222 2444 1288 2491 noo
1314 2426 1425 2515 potuit

405 2540 602 2632 respondere
621 2540 785 2611 Sandinus
804 2539 978 2631 repentina
1004 2554 1109 2608 rnorte
1137 2554 1355 2631 praereptus,
1378 2543 1421 2613 da

404 2678 469 2746 qua
497 2654 626 2737 dicam,
644 2676 719 2723 sum
739 2652 831 2745 prius
849 2652 893 2723 de
909 2652 981 2747 ejus
1000 2652 1147 2721 moribus
1166 2676 1270 2742 pauca
1287 2654 1422 2725 dixero.

452 2775 528 2844 Fuit
547 2776 661 2866 itaque
680 2789 835 2863 acceptus
852 2772 1006 2842 omuibus
1016 2826 1027 2858 ,
1046 2772 1203 2865 quamdiu
1221 2772 1326 2860 vixit,
1349 2799 1424 2844 can-

404 2886 503 2956 didae
518 2887 606 2956 vitae
620 2885 718 2956 laude
732 2902 767 2954 et
781 2886 961 2976 ingenuae.
975 2886 1120 2958 Minime
1135 2888 1294 2976 pecuniae
1305 2888 1423 2958 aridus

403 3012 438 3066 ct
461 2996 614 3083 honoris,
633 2996 943 3088 loquendi'parcus,
960 2997 1115 3066 audiendi
1129 2998 1314 3084 studiosus,
1333 2998 1423 3068 unde

405 3110 532 3201 aliquid
549 3126 659 3200 posset
676 3107 802 3180 discere
814 3162 825 3193 ,
838 3108 1063 3178 consideratus
1076 3108 1111 3177 in
1125 3107 1277 3180 omnibus
1291 3126 1327 3179 ct
1344 3135 1423 3202 prrs-

352 3242 357 3247 ·
399 3220 506 3310 deus,
526 3221 672 3291 maxime
691 3242 767 3291 sero
786 3219 929 3313 diligens
947 3221 982 3295 io
997 3220 1176 3312 implendis
1194 3220 1332 3315 singulis
1350 3246 1422 3316 par·

406 3334 494 3405 tibus
510 3333 610 3405 officii
633 3335 704 3409 sui.

452 3451 630 3527 Seminarii
649 3446 872 3526 bibliothecae
888 3453 1071 3548 praelectus
1085 3458 1237 3529 eamdem
1257 3460 1350 3531 auxit
1362 3458 1425 3529 uti·

407 3572 549 3651 lissimis
577 3572 692 3663 libris,
715 3574 757 3647 iis
776 3577 999 3668 praesertim,
1018 3578 1075 3669 qui
1099 3579 1143 3649 ad
1165 3578 1424 3651 ecclesiasticam

406 3690 585 3769 historiam
602 3694 802 3793 pertinent.
839 3697 881 3765 ln
916 3694 1151 3786 superstabat
1186 3696 1423 3788 propemodum

310 3862 313 3869 .
408 3819 494 3876 totos
521 3804 611 3893 dies,
635 3807 810 3903 cujuslibet
832 3809 1033 3883 incommodi
1061 3812 1154 3902 quasi
1172 3811 1314 3881 oblitus.
1343 3812 1422 3883 Non

406 3920 646 4025 dnnbutantt
658 3926 807 4019 voluptas
816 3980 828 4015 ,
838 3950 903 4000 non
922 3932 1184 4021 spectaculorum
1201 3929 1330 4002 soritas
1345 3944 1418 4024 pon
