<?xml version="1.0" encoding="UTF-8"?>
<!DOCTYPE html PUBLIC "-//W3C//DTD XHTML 1.0 Transitional//EN"
    "http://www.w3.org/TR/xhtml1/DTD/xhtml1-transitional.dtd">
<html xmlns="http://www.w3.org/1999/xhtml" xml:lang="en" lang="en">
 <head>
  <title>
</title>
<meta http-equiv="Content-Type" content="text/html;charset=utf-8" />
  <meta name='ocr-system' content='tesseract 3.04.00' />
  <meta name='ocr-capabilities' content='ocr_page ocr_carea ocr_par ocr_line ocrx_word'/>
</head>
<body>
  <div class='ocr_page' id='page_1' title='image "./vitaevirorumill00ferrgoog_0016.png"; bbox 0 0 3259 4959; ppageno 0'>
   <div class='ocr_carea' id='block_1_1' title="bbox 377 359 430 421">
    <p class='ocr_par' dir='ltr' id='par_1_1' title="bbox 377 359 430 421">
     <span class='ocr_line' id='line_1_1' title="bbox 377 359 430 421; baseline -0.075 0"><span class='ocrx_word' id='word_1_1' title='bbox 377 359 430 421; x_wconf 84' lang='lat' dir='ltr'>trtt</span> 
     </span>
    </p>
   </div>
   <div class='ocr_carea' id='block_1_2' title="bbox 311 470 1442 3927">
    <p class='ocr_par' dir='ltr' id='par_1_2' title="bbox 311 470 1442 2078">
     <span class='ocr_line' id='line_1_2' title="bbox 422 470 1385 575; baseline 0 -24"><span class='ocrx_word' id='word_1_2' title='bbox 422 478 524 573; x_wconf 78' lang='lat' dir='ltr'>Cttlus</span> <span class='ocrx_word' id='word_1_3' title='bbox 545 493 638 549; x_wconf 89' lang='lat' dir='ltr'>ttreae</span> <span class='ocrx_word' id='word_1_4' title='bbox 657 470 841 547; x_wconf 78' lang='lat' dir='ltr'>sententiae</span> <span class='ocrx_word' id='word_1_5' title='bbox 860 489 1022 569; x_wconf 76' lang='lat' dir='ltr'>quaenam</span> <span class='ocrx_word' id='word_1_6' title='bbox 1041 490 1232 572; x_wconf 78' lang='lat' dir='ltr'>argumenta</span> <span class='ocrx_word' id='word_1_7' title='bbox 1262 485 1385 575; x_wconf 69' lang='lat' dir='ltr'>queunt</span> 
     </span>
     <span class='ocr_line' id='line_1_3' title="bbox 376 590 1385 690; baseline -0.003 -23"><span class='ocrx_word' id='word_1_8' title='bbox 376 594 501 690; x_wconf 79' lang='lat' dir='ltr'>majora</span> <span class='ocrx_word' id='word_1_9' title='bbox 521 616 593 663; x_wconf 89' lang='lat' dir='ltr'>esse</span> <span class='ocrx_word' id='word_1_10' title='bbox 612 590 655 661; x_wconf 90' lang='lat' dir='ltr'>iis</span> <span class='ocrx_word' id='word_1_11' title='bbox 686 590 937 661; x_wconf 79' lang='lat' dir='ltr'>narratiunculis</span> <span class='ocrx_word' id='word_1_12' title='bbox 955 593 1233 684; x_wconf 73' lang='lat' dir='ltr'>hendecasyllabo</span> <span class='ocrx_word' id='word_1_13' title='bbox 1251 598 1385 687; x_wconf 66' lang='lat' dir='ltr'>elegam</span> 
     </span>
     <span class='ocr_line' id='line_1_4' title="bbox 374 710 1383 803; baseline 0 -19"><span class='ocrx_word' id='word_1_14' title='bbox 374 732 424 784; x_wconf 86' lang='lat' dir='ltr'>ter</span> <span class='ocrx_word' id='word_1_15' title='bbox 442 710 644 783; x_wconf 88' lang='lat' dir='ltr'>concinnatis</span> <span class='ocrx_word' id='word_1_16' title='bbox 654 762 664 796; x_wconf 92' lang='lat'>,</span> <span class='ocrx_word' id='word_1_17' title='bbox 675 710 794 801; x_wconf 89' lang='lat' dir='ltr'>quibus</span> <span class='ocrx_word' id='word_1_18' title='bbox 813 710 885 801; x_wconf 88' lang='lat' dir='ltr'>ipse</span> <span class='ocrx_word' id='word_1_19' title='bbox 905 734 963 796; x_wconf 91' lang='lat' dir='ltr'>ea,</span> <span class='ocrx_word' id='word_1_20' title='bbox 979 736 1062 803; x_wconf 87' lang='lat' dir='ltr'>quae</span> <span class='ocrx_word' id='word_1_21' title='bbox 1080 713 1116 781; x_wconf 92' lang='lat' dir='ltr'>in</span> <span class='ocrx_word' id='word_1_22' title='bbox 1132 715 1199 783; x_wconf 86' lang='lat' dir='ltr'>vita</span> <span class='ocrx_word' id='word_1_23' title='bbox 1213 715 1383 785; x_wconf 85' lang='lat' dir='ltr'>hominurn</span> 
     </span>
     <span class='ocr_line' id='line_1_5' title="bbox 311 823 1384 908; baseline 0.002 -12"><span class='ocrx_word' id='word_1_24' title='bbox 311 846 320 857; x_wconf 84' lang='grc'><strong><em>·</em></strong></span> <span class='ocrx_word' id='word_1_25' title='bbox 372 824 541 897; x_wconf 89' lang='lat' dir='ltr'>communi</span> <span class='ocrx_word' id='word_1_26' title='bbox 556 826 664 893; x_wconf 85' lang='lat' dir='ltr'>solent</span> <span class='ocrx_word' id='word_1_27' title='bbox 682 823 850 908; x_wconf 86' lang='lat' dir='ltr'>accidere,</span> <span class='ocrx_word' id='word_1_28' title='bbox 870 824 1008 908; x_wconf 86' lang='lat' dir='ltr'>vitiosa,</span> <span class='ocrx_word' id='word_1_29' title='bbox 1025 843 1082 895; x_wconf 88' lang='lat' dir='ltr'>aut</span> <span class='ocrx_word' id='word_1_30' title='bbox 1099 827 1186 897; x_wconf 81' lang='lat' dir='ltr'>levia</span> <span class='ocrx_word' id='word_1_31' title='bbox 1203 830 1384 899; x_wconf 84' lang='lat' dir='ltr'>salsissima</span> 
     </span>
     <span class='ocr_line' id='line_1_6' title="bbox 371 937 1381 1033; baseline -0.002 -22"><span class='ocrx_word' id='word_1_32' title='bbox 371 942 496 1033; x_wconf 83' lang='lat' dir='ltr'>carpit,</span> <span class='ocrx_word' id='word_1_33' title='bbox 524 937 706 1029; x_wconf 85' lang='lat' dir='ltr'>eademque</span> <span class='ocrx_word' id='word_1_34' title='bbox 739 937 949 1027; x_wconf 76' lang='lat' dir='ltr'>politissimis</span> <span class='ocrx_word' id='word_1_35' title='bbox 976 937 1125 1025; x_wconf 81' lang='lat' dir='ltr'>facetiis,</span> <span class='ocrx_word' id='word_1_36' title='bbox 1151 958 1185 1009; x_wconf 90' lang='lat' dir='ltr'>et</span> <span class='ocrx_word' id='word_1_37' title='bbox 1203 943 1381 1010; x_wconf 73' lang='lat' dir='ltr'>catullinus</span> 
     </span>
     <span class='ocr_line' id='line_1_7' title="bbox 373 1055 1442 1151; baseline -0.001 -23"><span class='ocrx_word' id='word_1_38' title='bbox 373 1060 486 1151; x_wconf 89' lang='lat' dir='ltr'>lepore</span> <span class='ocrx_word' id='word_1_39' title='bbox 504 1056 715 1147; x_wconf 78' lang='lat' dir='ltr'>conspergit?</span> <span class='ocrx_word' id='word_1_40' title='bbox 733 1055 796 1125; x_wconf 92' lang='lat' dir='ltr'>Cui</span> <span class='ocrx_word' id='word_1_41' title='bbox 816 1079 1025 1149; x_wconf 81' lang='lat' dir='ltr'>summopere</span> <span class='ocrx_word' id='word_1_42' title='bbox 1044 1080 1109 1127; x_wconf 88' lang='lat' dir='ltr'>non</span> <span class='ocrx_word' id='word_1_43' title='bbox 1141 1059 1318 1150; x_wconf 89' lang='lat' dir='ltr'>arrideat(</span> <span class='ocrx_word' id='word_1_44' title='bbox 1342 1060 1385 1128; x_wconf 50' lang='lat' dir='ltr'>si:</span> <span class='ocrx_word' id='word_1_45' title='bbox 1440 1067 1442 1070; x_wconf 82' lang='grc'><strong>’</strong></span> 
     </span>
     <span class='ocr_line' id='line_1_8' title="bbox 373 1175 1385 1270; baseline 0 -21"><span class='ocrx_word' id='word_1_46' title='bbox 373 1177 443 1249; x_wconf 91' lang='lat' dir='ltr'>nite</span> <span class='ocrx_word' id='word_1_47' title='bbox 462 1200 538 1263; x_wconf 88' lang='lat' dir='ltr'>me,</span> <span class='ocrx_word' id='word_1_48' title='bbox 570 1176 755 1258; x_wconf 79' lang='lat' dir='ltr'>auditores,</span> <span class='ocrx_word' id='word_1_49' title='bbox 783 1175 819 1244; x_wconf 87' lang='lat' dir='ltr'>in</span> <span class='ocrx_word' id='word_1_50' title='bbox 847 1175 919 1270; x_wconf 79' lang='lat' dir='ltr'>ejus</span> <span class='ocrx_word' id='word_1_51' title='bbox 950 1177 1150 1247; x_wconf 79' lang='lat' dir='ltr'>carminibus</span> <span class='ocrx_word' id='word_1_52' title='bbox 1177 1180 1385 1249; x_wconf 84' lang='lat' dir='ltr'>recensendis</span> 
     </span>
     <span class='ocr_line' id='line_1_9' title="bbox 373 1287 1385 1386; baseline -0.005 -22"><span class='ocrx_word' id='word_1_53' title='bbox 373 1294 471 1386; x_wconf 89' lang='lat' dir='ltr'>paulo</span> <span class='ocrx_word' id='word_1_54' title='bbox 490 1290 617 1382; x_wconf 83' lang='lat' dir='ltr'>longius</span> <span class='ocrx_word' id='word_1_55' title='bbox 634 1287 827 1373; x_wconf 89' lang='lat' dir='ltr'>immorari,</span> <span class='ocrx_word' id='word_1_56' title='bbox 843 1307 919 1357; x_wconf 88' lang='lat' dir='ltr'>cum</span> <span class='ocrx_word' id='word_1_57' title='bbox 936 1290 1143 1361; x_wconf 90' lang='lat' dir='ltr'>solummodo</span> <span class='ocrx_word' id='word_1_58' title='bbox 1161 1292 1196 1361; x_wconf 88' lang='lat' dir='ltr'>in</span> <span class='ocrx_word' id='word_1_59' title='bbox 1208 1314 1385 1382; x_wconf 85' lang='lat' dir='ltr'>paucorum</span> 
     </span>
     <span class='ocr_line' id='line_1_10' title="bbox 373 1406 1385 1504; baseline -0.007 -22"><span class='ocrx_word' id='word_1_60' title='bbox 373 1412 559 1504; x_wconf 82' lang='lat' dir='ltr'>cognitione</span> <span class='ocrx_word' id='word_1_61' title='bbox 578 1424 768 1494; x_wconf 84' lang='lat' dir='ltr'>versentur,</span> <span class='ocrx_word' id='word_1_62' title='bbox 787 1423 900 1497; x_wconf 85' lang='lat' dir='ltr'>utpote</span> <span class='ocrx_word' id='word_1_63' title='bbox 920 1406 988 1501; x_wconf 76' lang='lat' dir='ltr'>iarn</span> <span class='ocrx_word' id='word_1_64' title='bbox 1013 1410 1070 1479; x_wconf 90' lang='lat' dir='ltr'>diu</span> <span class='ocrx_word' id='word_1_65' title='bbox 1098 1426 1207 1495; x_wconf 88' lang='lat' dir='ltr'>tecta,</span> <span class='ocrx_word' id='word_1_66' title='bbox 1238 1426 1273 1479; x_wconf 92' lang='lat' dir='ltr'>et</span> <span class='ocrx_word' id='word_1_67' title='bbox 1304 1412 1385 1479; x_wconf 78' lang='lat' dir='ltr'>scri-</span> 
     </span>
     <span class='ocr_line' id='line_1_11' title="bbox 373 1522 1384 1615; baseline -0.003 -19"><span class='ocrx_word' id='word_1_68' title='bbox 373 1528 439 1596; x_wconf 88' lang='lat' dir='ltr'>niis</span> <span class='ocrx_word' id='word_1_69' title='bbox 459 1526 571 1596; x_wconf 90' lang='lat' dir='ltr'>abdita</span> <span class='ocrx_word' id='word_1_70' title='bbox 588 1522 630 1591; x_wconf 92' lang='lat' dir='ltr'>ob</span> <span class='ocrx_word' id='word_1_71' title='bbox 649 1522 790 1593; x_wconf 88' lang='lat' dir='ltr'>auctoris</span> <span class='ocrx_word' id='word_1_72' title='bbox 802 1523 1109 1614; x_wconf 87' lang='lat' dir='ltr'>modestiam)cui,</span> <span class='ocrx_word' id='word_1_73' title='bbox 1129 1526 1281 1615; x_wconf 84' lang='lat' dir='ltr'>inquam,</span> <span class='ocrx_word' id='word_1_74' title='bbox 1298 1548 1384 1593; x_wconf 76' lang='lat' dir='ltr'>suru-</span> 
     </span>
     <span class='ocr_line' id='line_1_12' title="bbox 373 1635 1383 1731; baseline -0.002 -22"><span class='ocrx_word' id='word_1_75' title='bbox 373 1661 508 1731; x_wconf 89' lang='lat' dir='ltr'>mopere</span> <span class='ocrx_word' id='word_1_76' title='bbox 528 1661 594 1705; x_wconf 93' lang='lat' dir='ltr'>non</span> <span class='ocrx_word' id='word_1_77' title='bbox 615 1635 757 1705; x_wconf 85' lang='lat' dir='ltr'>arrideat</span> <span class='ocrx_word' id='word_1_78' title='bbox 774 1635 891 1705; x_wconf 90' lang='lat' dir='ltr'>hilaris</span> <span class='ocrx_word' id='word_1_79' title='bbox 909 1635 1086 1725; x_wconf 86' lang='lat' dir='ltr'>descriptio</span> <span class='ocrx_word' id='word_1_80' title='bbox 1105 1638 1254 1728; x_wconf 78' lang='lat' dir='ltr'>magistri</span> <span class='ocrx_word' id='word_1_81' title='bbox 1273 1636 1383 1729; x_wconf 73' lang='lat' dir='ltr'>cujus·</span> 
     </span>
     <span class='ocr_line' id='line_1_13' title="bbox 374 1749 1386 1843; baseline -0.003 -19"><span class='ocrx_word' id='word_1_82' title='bbox 374 1754 471 1837; x_wconf 88' lang='lat' dir='ltr'>darn,</span> <span class='ocrx_word' id='word_1_83' title='bbox 491 1751 546 1843; x_wconf 89' lang='lat' dir='ltr'>qui</span> <span class='ocrx_word' id='word_1_84' title='bbox 567 1750 734 1821; x_wconf 85' lang='lat' dir='ltr'>iracundia</span> <span class='ocrx_word' id='word_1_85' title='bbox 754 1749 969 1819; x_wconf 81' lang='lat' dir='ltr'>exardescens</span> <span class='ocrx_word' id='word_1_86' title='bbox 988 1750 1177 1840; x_wconf 80' lang='lat' dir='ltr'>perstringit</span> <span class='ocrx_word' id='word_1_87' title='bbox 1197 1775 1234 1821; x_wconf 87' lang='lat' dir='ltr'>ac</span> <span class='ocrx_word' id='word_1_88' title='bbox 1254 1751 1386 1821; x_wconf 81' lang='lat' dir='ltr'>vellicat</span> 
     </span>
     <span class='ocr_line' id='line_1_14' title="bbox 374 1861 1387 1962; baseline -0.002 -27"><span class='ocrx_word' id='word_1_89' title='bbox 374 1866 526 1962; x_wconf 84' lang='lat' dir='ltr'>gravibus</span> <span class='ocrx_word' id='word_1_90' title='bbox 541 1864 638 1934; x_wconf 91' lang='lat' dir='ltr'>dictis</span> <span class='ocrx_word' id='word_1_91' title='bbox 651 1880 684 1931; x_wconf 91' lang='lat' dir='ltr'>ct</span> <span class='ocrx_word' id='word_1_92' title='bbox 696 1862 809 1931; x_wconf 90' lang='lat' dir='ltr'>liberis</span> <span class='ocrx_word' id='word_1_93' title='bbox 822 1861 1103 1954; x_wconf 78' lang='lat' dir='ltr'>objurgationibus</span> <span class='ocrx_word' id='word_1_94' title='bbox 1112 1862 1387 1955; x_wconf 85' lang='lat' dir='ltr'>discipulosclan·</span> 
     </span>
     <span class='ocr_line' id='line_1_15' title="bbox 374 1980 1385 2078; baseline -0.004 -21"><span class='ocrx_word' id='word_1_95' title='bbox 374 1987 484 2057; x_wconf 89' lang='lat' dir='ltr'>culum</span> <span class='ocrx_word' id='word_1_96' title='bbox 500 1984 664 2078; x_wconf 80' lang='lat' dir='ltr'>jocantes,</span> <span class='ocrx_word' id='word_1_97' title='bbox 688 1982 884 2066; x_wconf 88' lang='lat' dir='ltr'>oscitantes,</span> <span class='ocrx_word' id='word_1_98' title='bbox 899 1980 1133 2069; x_wconf 86' lang='lat' dir='ltr'>mussitantes,</span> <span class='ocrx_word' id='word_1_99' title='bbox 1154 1982 1385 2073; x_wconf 78' lang='lat' dir='ltr'>importunos?</span> 
     </span>
    </p>

    <p class='ocr_par' dir='ltr' id='par_1_3' title="bbox 416 2100 1079 2194">
     <span class='ocr_line' id='line_1_16' title="bbox 416 2100 1079 2194; baseline -0.003 -21"><span class='ocrx_word' id='word_1_100' title='bbox 416 2135 436 2173; x_wconf 76' lang='grc' dir='ltr'><strong><em>υ</em></strong></span> <span class='ocrx_word' id='word_1_101' title='bbox 460 2100 652 2181; x_wconf 87' lang='lat' dir='ltr'>Verberabo</span> <span class='ocrx_word' id='word_1_102' title='bbox 671 2124 730 2194; x_wconf 89' lang='lat' dir='ltr'>ego</span> <span class='ocrx_word' id='word_1_103' title='bbox 754 2124 831 2187; x_wconf 88' lang='lat' dir='ltr'>vos,</span> <span class='ocrx_word' id='word_1_104' title='bbox 847 2118 882 2169; x_wconf 91' lang='lat' dir='ltr'>et</span> <span class='ocrx_word' id='word_1_105' title='bbox 900 2100 1079 2188; x_wconf 84' lang='lat' dir='ltr'>amovebo,</span> 
     </span>
    </p>

    <p class='ocr_par' dir='ltr' id='par_1_4' title="bbox 461 2215 1381 3014">
     <span class='ocr_line' id='line_1_17' title="bbox 467 2215 1185 2311; baseline -0.007 -20"><span class='ocrx_word' id='word_1_106' title='bbox 467 2251 487 2299; x_wconf 70' lang='lat' dir='ltr'>,s</span> <span class='ocrx_word' id='word_1_107' title='bbox 510 2218 596 2291; x_wconf 86' lang='lat' dir='ltr'>Mali</span> <span class='ocrx_word' id='word_1_108' title='bbox 618 2215 797 2311; x_wconf 88' lang='lat' dir='ltr'>discipuli,</span> <span class='ocrx_word' id='word_1_109' title='bbox 816 2232 915 2307; x_wconf 85' lang='lat' dir='ltr'>atque</span> <span class='ocrx_word' id='word_1_110' title='bbox 933 2217 1136 2309; x_wconf 83' lang='lat' dir='ltr'>negligentes</span> <span class='ocrx_word' id='word_1_111' title='bbox 1148 2264 1185 2299; x_wconf 63' lang='grc'>.,</span> 
     </span>
     <span class='ocr_line' id='line_1_18' title="bbox 462 2335 1381 2428; baseline -0.001 -21"><span class='ocrx_word' id='word_1_112' title='bbox 462 2371 481 2407; x_wconf 78' lang='lat' dir='ltr'><em>n</em></span> <span class='ocrx_word' id='word_1_113' title='bbox 504 2342 598 2428; x_wconf 86' lang='lat' dir='ltr'>Quae</span> <span class='ocrx_word' id='word_1_114' title='bbox 616 2335 845 2428; x_wconf 86' lang='lat' dir='ltr'>impudentia!</span> <span class='ocrx_word' id='word_1_115' title='bbox 867 2360 968 2425; x_wconf 86' lang='lat' dir='ltr'>quam</span> <span class='ocrx_word' id='word_1_116' title='bbox 987 2336 1155 2407; x_wconf 85' lang='lat' dir='ltr'>insolens!</span> <span class='ocrx_word' id='word_1_117' title='bbox 1176 2336 1304 2411; x_wconf 60' lang='lat' dir='ltr'>ridete,</span> <span class='ocrx_word' id='word_1_118' title='bbox 1376 2372 1381 2381; x_wconf 92' lang='lat'>·</span> 
     </span>
     <span class='ocr_line' id='line_1_19' title="bbox 463 2449 1217 2538; baseline 0.001 -20"><span class='ocrx_word' id='word_1_119' title='bbox 463 2484 482 2518; x_wconf 71' lang='lat' dir='ltr'>s</span> <span class='ocrx_word' id='word_1_120' title='bbox 505 2454 570 2521; x_wconf 89' lang='lat' dir='ltr'>Hic</span> <span class='ocrx_word' id='word_1_121' title='bbox 588 2473 701 2519; x_wconf 88' lang='lat' dir='ltr'>secum</span> <span class='ocrx_word' id='word_1_122' title='bbox 720 2449 807 2515; x_wconf 88' lang='lat' dir='ltr'>male</span> <span class='ocrx_word' id='word_1_123' title='bbox 828 2461 974 2530; x_wconf 85' lang='lat' dir='ltr'>mussat,</span> <span class='ocrx_word' id='word_1_124' title='bbox 995 2465 1093 2538; x_wconf 83' lang='lat' dir='ltr'>atque</span> <span class='ocrx_word' id='word_1_125' title='bbox 1118 2474 1217 2538; x_wconf 80' lang='lat' dir='ltr'>prave</span> 
     </span>
     <span class='ocr_line' id='line_1_20' title="bbox 461 2562 1157 2655; baseline -0.003 -20"><span class='ocrx_word' id='word_1_126' title='bbox 461 2600 481 2635; x_wconf 61' lang='grc' dir='ltr'><em>η</em></span> <span class='ocrx_word' id='word_1_127' title='bbox 502 2568 720 2655; x_wconf 88' lang='lat' dir='ltr'>Distorquens</span> <span class='ocrx_word' id='word_1_128' title='bbox 739 2562 871 2645; x_wconf 86' lang='lat' dir='ltr'>oculos,</span> <span class='ocrx_word' id='word_1_129' title='bbox 890 2584 1008 2631; x_wconf 87' lang='lat' dir='ltr'>manus</span> <span class='ocrx_word' id='word_1_130' title='bbox 1027 2579 1061 2631; x_wconf 85' lang='lat' dir='ltr'>et</span> <span class='ocrx_word' id='word_1_131' title='bbox 1080 2588 1157 2649; x_wconf 83' lang='lat' dir='ltr'>ora,</span> 
     </span>
     <span class='ocr_line' id='line_1_21' title="bbox 464 2679 1113 2756; baseline -0.003 -3"><span class='ocrx_word' id='word_1_132' title='bbox 464 2718 484 2753; x_wconf 74' lang='lat' dir='ltr'>s</span> <span class='ocrx_word' id='word_1_133' title='bbox 507 2686 575 2756; x_wconf 83' lang='lat' dir='ltr'>Vel</span> <span class='ocrx_word' id='word_1_134' title='bbox 594 2699 665 2753; x_wconf 89' lang='lat' dir='ltr'>atro</span> <span class='ocrx_word' id='word_1_135' title='bbox 684 2680 834 2749; x_wconf 89' lang='lat' dir='ltr'>inliciens</span> <span class='ocrx_word' id='word_1_136' title='bbox 853 2679 961 2750; x_wconf 91' lang='lat' dir='ltr'>colore</span> <span class='ocrx_word' id='word_1_137' title='bbox 984 2682 1113 2753; x_wconf 88' lang='lat' dir='ltr'>vultum</span> 
     </span>
     <span class='ocr_line' id='line_1_22' title="bbox 462 2798 1118 2875; baseline 0 -4"><span class='ocrx_word' id='word_1_138' title='bbox 462 2828 482 2871; x_wconf 73' lang='lat' dir='ltr'>a</span> <span class='ocrx_word' id='word_1_139' title='bbox 504 2802 638 2875; x_wconf 84' lang='lat' dir='ltr'>Gaudet</span> <span class='ocrx_word' id='word_1_140' title='bbox 655 2799 809 2871; x_wconf 85' lang='lat' dir='ltr'>omnibus</span> <span class='ocrx_word' id='word_1_141' title='bbox 828 2798 975 2870; x_wconf 79' lang='lat' dir='ltr'>excitare</span> <span class='ocrx_word' id='word_1_142' title='bbox 994 2802 1118 2871; x_wconf 68' lang='lat' dir='ltr'>risum0</span> 
     </span>
     <span class='ocr_line' id='line_1_23' title="bbox 463 2918 1201 3014; baseline -0.003 -23"><span class='ocrx_word' id='word_1_143' title='bbox 463 2950 483 2991; x_wconf 78' lang='lat' dir='ltr'><em>n</em></span> <span class='ocrx_word' id='word_1_144' title='bbox 505 2924 585 3009; x_wconf 85' lang='lat' dir='ltr'>Ille,</span> <span class='ocrx_word' id='word_1_145' title='bbox 603 2946 702 3014; x_wconf 89' lang='lat' dir='ltr'>quem</span> <span class='ocrx_word' id='word_1_146' title='bbox 723 2942 824 3011; x_wconf 88' lang='lat' dir='ltr'>prope</span> <span class='ocrx_word' id='word_1_147' title='bbox 842 2918 970 3006; x_wconf 84' lang='lat' dir='ltr'>cernis,</span> <span class='ocrx_word' id='word_1_148' title='bbox 990 2918 1201 3009; x_wconf 86' lang='lat' dir='ltr'>impudenter</span> 
     </span>
    </p>

    <p class='ocr_par' dir='ltr' id='par_1_5' title="bbox 362 3034 1255 3823">
     <span class='ocr_line' id='line_1_24' title="bbox 362 3034 1255 3125; baseline -0.003 -19"><span class='ocrx_word' id='word_1_149' title='bbox 362 3086 367 3095; x_wconf 83' lang='lat'><strong>·</strong></span> <span class='ocrx_word' id='word_1_150' title='bbox 461 3066 481 3105; x_wconf 81' lang='lat' dir='ltr'><em>n</em></span> <span class='ocrx_word' id='word_1_151' title='bbox 503 3035 637 3122; x_wconf 82' lang='lat' dir='ltr'>Tussit,</span> <span class='ocrx_word' id='word_1_152' title='bbox 657 3034 811 3125; x_wconf 88' lang='lat' dir='ltr'>exspuit,</span> <span class='ocrx_word' id='word_1_153' title='bbox 829 3048 1000 3119; x_wconf 79' lang='lat' dir='ltr'>exscreat3</span> <span class='ocrx_word' id='word_1_154' title='bbox 1019 3055 1080 3101; x_wconf 89' lang='lat' dir='ltr'>nec</span> <span class='ocrx_word' id='word_1_155' title='bbox 1097 3050 1255 3123; x_wconf 83' lang='lat' dir='ltr'>umquam</span> 
     </span>
     <span class='ocr_line' id='line_1_25' title="bbox 461 3154 1202 3243; baseline -0.007 -20"><span class='ocrx_word' id='word_1_156' title='bbox 461 3184 480 3223; x_wconf 74' lang='lat' dir='ltr'>s</span> <span class='ocrx_word' id='word_1_157' title='bbox 503 3154 657 3240; x_wconf 77' lang='lat' dir='ltr'>Tussirc,</span> <span class='ocrx_word' id='word_1_158' title='bbox 676 3175 863 3243; x_wconf 72' lang='lat' dir='ltr'>exspuere,</span> <span class='ocrx_word' id='word_1_159' title='bbox 882 3172 1052 3220; x_wconf 82' lang='lat' dir='ltr'>exscreare</span> <span class='ocrx_word' id='word_1_160' title='bbox 1070 3165 1202 3237; x_wconf 64' lang='lat' dir='ltr'>cessata</span> 
     </span>
     <span class='ocr_line' id='line_1_26' title="bbox 462 3270 1249 3367; baseline -0.005 -25"><span class='ocrx_word' id='word_1_161' title='bbox 462 3300 482 3343; x_wconf 81' lang='lat' dir='ltr'>s</span> <span class='ocrx_word' id='word_1_162' title='bbox 508 3280 621 3367; x_wconf 87' lang='lat' dir='ltr'>lpsarn</span> <span class='ocrx_word' id='word_1_163' title='bbox 641 3298 738 3367; x_wconf 90' lang='lat' dir='ltr'>quern</span> <span class='ocrx_word' id='word_1_164' title='bbox 759 3296 874 3364; x_wconf 88' lang='lat' dir='ltr'>precor</span> <span class='ocrx_word' id='word_1_165' title='bbox 890 3290 1060 3342; x_wconf 82' lang='lat' dir='ltr'>exscreare</span> <span class='ocrx_word' id='word_1_166' title='bbox 1076 3270 1249 3363; x_wconf 79' lang='lat' dir='ltr'>linguam,</span> 
     </span>
     <span class='ocr_line' id='line_1_27' title="bbox 463 3385 1012 3476; baseline -0.007 -18"><span class='ocrx_word' id='word_1_167' title='bbox 463 3415 483 3458; x_wconf 78' lang='lat' dir='ltr'>s</span> <span class='ocrx_word' id='word_1_168' title='bbox 510 3390 566 3460; x_wconf 89' lang='lat' dir='ltr'>Ne</span> <span class='ocrx_word' id='word_1_169' title='bbox 584 3388 668 3457; x_wconf 87' lang='lat' dir='ltr'>milri</span> <span class='ocrx_word' id='word_1_170' title='bbox 688 3386 794 3458; x_wconf 85' lang='lat' dir='ltr'>nimia</span> <span class='ocrx_word' id='word_1_171' title='bbox 812 3385 1012 3476; x_wconf 81' lang='lat' dir='ltr'>loquacitate</span> 
     </span>
     <span class='ocr_line' id='line_1_28' title="bbox 462 3497 1150 3590; baseline -0.003 -18"><span class='ocrx_word' id='word_1_172' title='bbox 462 3528 482 3572; x_wconf 79' lang='lat' dir='ltr'>a</span> <span class='ocrx_word' id='word_1_173' title='bbox 504 3508 590 3575; x_wconf 84' lang='lat' dir='ltr'>Tam</span> <span class='ocrx_word' id='word_1_174' title='bbox 610 3500 723 3572; x_wconf 90' lang='lat' dir='ltr'>crebro</span> <span class='ocrx_word' id='word_1_175' title='bbox 741 3500 879 3570; x_wconf 86' lang='lat' dir='ltr'>miseras</span> <span class='ocrx_word' id='word_1_176' title='bbox 897 3497 1014 3590; x_wconf 78' lang='lat' dir='ltr'>fatiget</span> <span class='ocrx_word' id='word_1_177' title='bbox 1036 3521 1150 3570; x_wconf 60' lang='lat' dir='ltr'>aureas</span> 
     </span>
     <span class='ocr_line' id='line_1_29' title="bbox 461 3614 1125 3709; baseline -0.003 -23"><span class='ocrx_word' id='word_1_178' title='bbox 461 3646 482 3686; x_wconf 78' lang='lat' dir='ltr'>s</span> <span class='ocrx_word' id='word_1_179' title='bbox 504 3620 599 3690; x_wconf 83' lang='lat' dir='ltr'>Alter</span> <span class='ocrx_word' id='word_1_180' title='bbox 618 3614 785 3709; x_wconf 87' lang='lat' dir='ltr'>perlepide</span> <span class='ocrx_word' id='word_1_181' title='bbox 804 3615 927 3701; x_wconf 89' lang='lat' dir='ltr'>hiscit,</span> <span class='ocrx_word' id='word_1_182' title='bbox 944 3614 1125 3701; x_wconf 67' lang='lat' dir='ltr'>oscitaret,</span> 
     </span>
     <span class='ocr_line' id='line_1_30' title="bbox 463 3721 1248 3823; baseline -0.013 -20"><span class='ocrx_word' id='word_1_183' title='bbox 463 3756 483 3802; x_wconf 77' lang='lat' dir='ltr'>s</span> <span class='ocrx_word' id='word_1_184' title='bbox 505 3736 593 3803; x_wconf 84' lang='lat' dir='ltr'>Turn</span> <span class='ocrx_word' id='word_1_185' title='bbox 612 3754 710 3820; x_wconf 88' lang='lat' dir='ltr'>saepe</span> <span class='ocrx_word' id='word_1_186' title='bbox 731 3732 764 3799; x_wconf 88' lang='lat' dir='ltr'>in</span> <span class='ocrx_word' id='word_1_187' title='bbox 785 3729 947 3823; x_wconf 82' lang='lat' dir='ltr'>gremium</span> <span class='ocrx_word' id='word_1_188' title='bbox 967 3744 1069 3820; x_wconf 81' lang='lat' dir='ltr'>saput-</span> <span class='ocrx_word' id='word_1_189' title='bbox 1084 3721 1248 3795; x_wconf 88' lang='lat' dir='ltr'>reclinans</span> 
     </span>
    </p>

    <p class='ocr_par' dir='ltr' id='par_1_6' title="bbox 417 3841 1182 3927">
     <span class='ocr_line' id='line_1_31' title="bbox 417 3841 1182 3927; baseline -0.008 -10"><span class='ocrx_word' id='word_1_190' title='bbox 417 3858 419 3865; x_wconf 89' lang='lat'>&#39;</span> <span class='ocrx_word' id='word_1_191' title='bbox 461 3877 482 3917; x_wconf 73' lang='lat' dir='ltr'>s</span> <span class='ocrx_word' id='word_1_192' title='bbox 506 3844 610 3917; x_wconf 81' lang='lat' dir='ltr'>Valet</span> <span class='ocrx_word' id='word_1_193' title='bbox 628 3845 770 3915; x_wconf 87' lang='lat' dir='ltr'>crustula</span> <span class='ocrx_word' id='word_1_194' title='bbox 790 3841 913 3913; x_wconf 81' lang='lat' dir='ltr'>blanda</span> <span class='ocrx_word' id='word_1_195' title='bbox 931 3846 985 3915; x_wconf 88' lang='lat' dir='ltr'>vel</span> <span class='ocrx_word' id='word_1_196' title='bbox 1004 3843 1182 3927; x_wconf 88' lang='lat' dir='ltr'>mariscas,</span> 
     </span>
    </p>
   </div>
   <div class='ocr_carea' id='block_1_3' title="bbox 463 3964 1240 4061">
    <p class='ocr_par' dir='ltr' id='par_1_7' title="bbox 463 3964 1240 4061">
     <span class='ocr_line' id='line_1_32' title="bbox 463 3964 1240 4061; baseline -0.015 -20"><span class='ocrx_word' id='word_1_197' title='bbox 463 3990 482 4035; x_wconf 83' lang='lat' dir='ltr'>r</span> <span class='ocrx_word' id='word_1_198' title='bbox 504 3966 547 4040; x_wconf 82' lang='lat' dir='ltr'>Et</span> <span class='ocrx_word' id='word_1_199' title='bbox 560 3988 685 4061; x_wconf 83' lang='lat' dir='ltr'>poma,</span> <span class='ocrx_word' id='word_1_200' title='bbox 704 3982 737 4039; x_wconf 84' lang='lat' dir='ltr'>et</span> <span class='ocrx_word' id='word_1_201' title='bbox 757 3964 830 4058; x_wconf 83' lang='lat' dir='ltr'>pira</span> <span class='ocrx_word' id='word_1_202' title='bbox 848 3964 1058 4054; x_wconf 81' lang='lat' dir='ltr'>clanculum,</span> <span class='ocrx_word' id='word_1_203' title='bbox 1076 3981 1240 4053; x_wconf 66' lang='lat' dir='ltr'>ausuque</span> 
     </span>
    </p>
   </div>
   <div class='ocr_carea' id='block_1_4' title="bbox 0 0 1634 4959">
    <p class='ocr_par' dir='ltr' id='par_1_8' title="bbox 0 0 1634 4959">
     <span class='ocr_line' id='line_1_33' title="bbox 0 0 1634 4959; baseline 0 1"><span class='ocrx_word' id='word_1_204' title='bbox 0 0 1634 4959; x_wconf 95' lang='lat' dir='ltr'> </span> 
     </span>
    </p>
   </div>
  </div>
 </body>
</html>
