3259 4959
463 349 531 448 578
896 365 981 428 vtro.

464 493 644 568 admodum
661 493 698 584 in
718 515 757 566 eo
792 492 951 580 mirarer,
969 490 998 560 ui
1017 488 1135 562 fuisset
1154 491 1208 568 vel
1230 492 1364 571 infimae
1385 517 1481 576 notua

464 609 636 695 medicus,
653 610 707 683 uel
725 611 772 680 rei
792 609 994 683 domesticae
1012 608 1195 687 laborasset
1211 614 1382 703 angustia.
1415 617 1480 701 sed

466 745 576 806 tantae
605 729 827 820 praestantiae
855 728 983 812 uirum,
1001 727 1058 829 qui
1078 728 1183 801 ritum
1202 729 1293 802 domi
1317 757 1400 804 suae
1421 759 1479 826 po,

464 842 580 918 tuisset
600 841 811 934 tranquillam
839 857 873 910 et
900 841 1049 941 quietam
1082 865 1196 932 agere,
1216 847 1387 934 quaelibet
1416 849 1479 921 sibi

464 957 660 1038 interdicere
688 961 871 1052 voluptates
897 960 949 1038 rel
976 959 1248 1046 honestissiman,
1268 981 1303 1036 et
1329 966 1480 1058 improba

463 1073 576 1152 labore
595 1073 766 1176 frangi,ut
780 1073 1024 1168 aegrotantibus
1044 1081 1480 1172 praeutoeoeet,aliquando

451 1195 574 1278 tenui,
598 1219 663 1278 non
683 1219 755 1276 raro
783 1195 885 1277 etiam
916 1194 1007 1266 nulla
1033 1196 1186 1273 mercede
1204 1200 1396 1293 proposita,
1422 1203 1479 1272 hoc

465 1311 633 1394 enimvero
652 1299 703 1384 e'rt
714 1365 725 1398 ,
744 1315 831 1404 quod
850 1337 911 1405 ego
929 1313 1141 1393 vehementer
1160 1315 1279 1396 miror.

512 1437 598 1504 Tam
618 1435 715 1526 longo
734 1436 847 1524 itaque
866 1449 900 1504 ot
918 1433 1050 1504 arrideo
1070 1434 1226 1516 medendi
1245 1460 1305 1507 usu
1335 1457 1477 1515 eraserat

467 1551 547 1630 artis
562 1550 716 1620 ,medicae
733 1549 976 1640 peritiorimur3
995 1549 1078 1625 adeo
1097 1563 1134 1629 ut
1164 1548 1218 1620 rel
1235 1549 1348 1642 primo
1367 1554 1477 1644 adupe.

467 1683 520 1738 ctu
532 1721 543 1753 ,
563 1667 843 1760 quemadmodum
871 1682 970 1738 antea
1000 1665 1166 1751 diximus,
1190 1665 1237 1744 de·
1251 1668 1367 1750 morbi
1395 1671 1474 1742 exitu

468 1807 533 1860 non
553 1798 678 1850 temere
698 1781 879 1874 judicaret.
898 1783 938 1860 ln
957 1803 1022 1870 quo
1047 1779 1078 1848 ri
1098 1779 1172 1875 quir
1198 1803 1275 1858 corn
1303 1783 1472 1873 reprehen-

467 1900 535 1984 dit,
564 1894 652 1990 quod
680 1881 838 1968 erraverit
869 1894 1068 1984 aliquando,
1088 1895 1118 1963 is
1137 1895 1402 1984 animadvertat,
1426 1899 1473 1969 ha

469 2015 541 2096 beri
560 2039 627 2083 non
648 2037 743 2108 poure
762 2013 798 2082 in
826 2010 880 2082 hir
905 2010 1126 2092 evidentiam.
1148 2015 1230 2082 Fore
1248 2012 1382 2106 ajebat,
1401 2017 1475 2106 qood

469 2133 662 2232 plerumque
690 2131 840 2204 accidere
868 2130 1023 2208 diuturna
1051 2130 1257 2220 experientia
1275 2149 1309 2201 et
1335 2153 1473 2214 accurata

470 2251 651 2326 didicerat.
671 2253 770 2322 Certe
790 2251 819 2331 iu
843 2267 914 2321 erut
933 2247 1087 2319 omnibus
1107 2271 1226 2341 magno
1244 2251 1281 2317 in
1308 2254 1474 2352 pretio,vi·.

466 2370 512 2450 ris,
532 2371 633 2448 etiam
654 2369 801 2440 doctrina
819 2370 938 2441 ceteris
958 2368 1130 2438 nobilitate
1150 2393 1189 2439 ac
1212 2369 1377 2461 dignitate
1392 2395 1470 2462 prae·
1558 2378 1559 2399 ¹

470 2483 653 2564 ¹utentibus.
684 2487 764 2554 Fere
792 2505 891 2558 nemo
919 2479 962 2552 iis
990 2482 1025 2560 in
1054 2479 1244 2572 regionibus
1261 2507 1301 2551 ae
1331 2483 1469 2552 finitimis

469 2597 679 2689 aegrotabat,
700 2595 757 2688 qui
777 2619 853 2676 eum
871 2616 936 2664 non
963 2610 1161 2677 arcesseret,
1178 2593 1235 2670 ubi
1266 2613 1395 2684 posset,
1412 2619 1471 2662 non

470 2711 723 2796 consuleret,'ae
736 2724 840 2788 totum
860 2731 897 2780 se
913 2731 979 2778 non
991 2707 1215 2788 committeret
1230 2708 1322 2788 iltius
1338 2708 1471 2778 arbitrio.
1558 2752 1559 2789 f

516 2832 563 2900 At
585 2829 654 2902 illia
681 2827 800 2906 finibot
827 2827 988 2898 contineri
1016 2849 1082 2904 non
1100 2842 1227 2918 poterat
1245 2825 1317 2924 ejus
1345 2848 1471 2902 nomen,

469 2947 508 3022 In
537 2950 608 3020 loca
637 2949 754 3022 dissita
772 2947 979 3040 penetravit,
1007 2946 1236 3019 nobilissimas
1264 2947 1365 3015 etiam
1385 2944 1472 3016 urbes

471 3081 506 3134 et
532 3068 675 3144 eruditas
692 3046 854 3156 pervasit.
875 3067 1057 3138 Ferrariam
1076 3067 1112 3144 in
1130 3066 1266 3157 primia,
1284 3069 1476 3146 Mantuam,

471 3181 675 3266 Bononiam,
695 3181 887 3258 Patavium.
913 3181 968 3252 nd
989 3203 1046 3249 eas
1064 3197 1198 3260 vocatur
1216 3179 1351 3252 accersit
1368 3177 1473 3270 (quod

470 3297 590 3380 Joanni
617 3298 791 3368 Francirco
814 3297 912 3369 valde
936 3297 1175 3391 honorificum)
1196 3323 1270 3370 com
1288 3297 1369 3368 illae
1385 3294 1475 3367 abou-

471 3418 553 3488 dent
572 3417 711 3491 mediciu
730 3415 1041 3508 praestantissimis.
1067 3420 1107 3497 In
1136 3434 1226 3486 tanto
1253 3439 1349 3508 porro
1374 3415 1475 3484 docto-

471 3553 545 3607 rum
576 3533 717 3604 virorum
747 3531 874 3608 lumine
892 3531 942 3601 uio
967 3531 1026 3609 ille
1044 3553 1081 3610 ue
1099 3530 1221 3622 gessit,
1239 3545 1276 3599 ut
1306 3523 1474 3608 reddiderit

471 3675 508 3724 ee
527 3649 763 3742 spectabilem,
782 3667 816 3721 et
842 3649 968 3724 famam
995 3651 1143 3723 auxerit.
1170 3649 1268 3739 Quod
1293 3671 1391 3741 quam
1416 3639 1474 3712 tif.

473 3765 580 3848 fitile!
601 3765 713 3838 Refert
729 3767 922 3838 Plutarchus
937 3769 990 3861 (r)
1001 3767 1136 3845 uelitum
1155 3766 1255 3838 fuisse
1282 3765 1390 3836 dicere
1406 3761 1477 3834 Mea

824 3937 1154 3976 mmmmm

477 4053 480 4062 ·
518 3985 569 4105 (¹.)
589 4023 637 4088 De
656 4020 825 4091 auditione.
