3259 4959
410 371 477 467 sa'i
765 434 768 440 ,
884 369 970 463 vrrs
1000 401 1001 404 ‘
1081 397 1086 408 '

457 533 678 614 Pensionem,
698 546 735 598 ut
758 529 871 622 ajunt,
898 527 1054 598 reservari
1075 527 1139 598 sibi
1166 527 1351 600 obtinuerat
1379 556 1421 604 cx

411 653 604 723 canonicatu
619 649 780 735 atestino,
800 673 865 746 quo
883 671 919 719 sc
937 649 1151 743 spoliaverat.
1171 651 1284 722 Plures
1303 649 1421 722 hahuit

746 856 1080 894 ammanium

407 995 491 1059 dress
510 999 658 1060 Bassanus
677 997 892 1077 ibrojuliensis.
912 997 969 1058 Hic
990 997 1021 1056 in
1051 967 1267 1058 Portu-Nannis
1287 1011 1370 1058 natus
1395 1015 1426 1062 et

405 1097 525 1161 boneste
544 1101 693 1161 institutus
715 1113 774 1168 est,
793 1113 823 1159 et
842 1100 940 1182 primis
956 1099 1057 1159 litteris
1077 1095 1223 1160 eruditus.
1242 1099 1292 1161 Ad
1319 1105 1422 1162 aetatis

404 1229 511 1274 anuum
532 1221 700 1292 pervenerat
717 1220 829 1272 sextum
848 1207 1005 1278 decimum,
1025 1229 1090 1271 cum
1108 1209 1244 1290 'patarini
1270 1210 1422 1278 seminarii
1486 1225 1491 1230 ·

406 1315 528 1378 alumnis
548 1313 727 1400 adscriptus,
746 1315 903 1376 rhetoricae
922 1317 1017 1377 statim
1036 1315 1178 1399 principia
1191 1337 1339 1402 aggressura
1357 1332 1421 1382 est.

403 1418 625 1496 Amneninribur
646 1432 675 1480 et
686 1419 867 1500 gravioribus
885 1417 1049 1499 disciplinis
1070 1432 1183 1486 suenus
1202 1413 1425 1500 percursis,Vi=

409 1521 513 1587 uetiam
531 1541 562 1583 se
582 1520 721 1590 contulit,
741 1535 770 1586 ct
793 1521 825 1584 iu
846 1541 881 1586 eo
900 1519 1060 1584 seminario
1078 1521 1206 1602 magistri
1220 1541 1321 1586 munus
1342 1539 1423 1596 exer·

411 1607 486 1691 cuit,
506 1621 704 1704 Quadriennio
723 1621 838 1688 circiter
856 1634 922 1702 post
940 1622 1087 1686 Patavium
1106 1621 1209 1700 rediit,
1229 1621 1278 1687 ubi
1300 1621 1426 1706 hospitio

409 1743 544 1811 exceptus
564 1729 760 1798 aFaccioiatn
783 1726 959 1806 aliquamdiu
978 1727 1138 1792 diversatus
1159 1743 1202 1790 est
1214 1727 1291 1820 apud
1310 1729 1425 1812 ipsum,

410 1850 500 1911 eoque
519 1831 650 1891 hortante
668 1830 873 1890 Encdiridium
895 1851 928 1889 ex
946 1851 1029 1912 opere
1050 1830 1197 1891 Benedicti
1218 1830 1305 1894 XIV.
1326 1835 1358 1892 P.
1375 1831 1422 1897 Μ,

407 1933 459 1992 De
477 1931 633 2008 Sacrificio
654 1929 770 1992 Missae
791 1930 830 1992 ad
850 1931 1028 1992 sacerdotum
1047 1953 1127 1992 nsum
1148 1934 1305 2009 conflavit,
1327 1949 1355 1995 et
1374 1947 1423 2018 ty«

405 2039 453 2124 pis
485 2037 578 2100 edidit
605 2037 758 2107 seminarii
784 2059 851 2106 aun.
882 2043 979 2130 1747,
1002 2037 1079 2128 quod
1101 2036 1207 2104 editum
1235 2061 1331 2104 rursus
1361 2064 1423 2112 non

406 2146 497 2211 multo
516 2158 595 2229 post.
710 2154 713 2158 ’

450 2248 527 2313 Hinc
545 2248 686 2313 Venetiae
705 2261 806 2330 petens
826 2246 1017 2308 instituendos
1032 2249 1155 2331 suscepit
1172 2247 1365 2309 nobiiissinos
1379 2249 1424 2330 ju-

412 2372 501 2423 venes
522 2355 660 2421 Maninae
685 2353 797 2435 gentis,
816 2354 891 2416 iuter
919 2353 969 2414 bos
990 2353 1189 2430 Ludnricum‚
1212 2375 1295 2433 quern
1313 2367 1426 2437 posue·

408 2461 464 2529 uris
483 2460 560 2524 bisce
572 2461 744 2540 temporibus
756 2461 870 2526 Ducem
880 2459 1019 2528 vidimus.
1041 2461 1159 2542 Attquor
1178 2481 1267 2522 ancos
1282 2473 1345 2542 post
1357 2463 1434 2538 Bas,

409 2588 496 2634 sanus
515 2567 713 2630 concordiensi
732 2568 901 2632 canonicatu
922 2581 1020 2632 auctus
1038 2581 1099 2640 est,
1115 2589 1202 2646 ,quern
1223 2565 1346 2635 dimisit,
1365 2565 1427 2644 iuss

408 2690 457 2736 tus
478 2668 669 2735 aBencdictu
700 2669 778 2733 xiv
800 2667 980 2736 humaniores
1005 2667 1113 2734 litteras
1134 2669 1262 2756 profitcri
1281 2669 1310 2734 in
1332 2669 1425 2736 Serni-

407 2773 489 2840 nario
508 2788 536 2835 et
556 2773 689 2856 Collegio
709 2775 821 2837 Montis
841 2775 963 2847 Falisci,
983 2775 1027 2836 lbi
1048 2798 1105 2846 non
1122 2777 1215 2836 solurn
1237 2775 1351 2850 docuit,
1371 2773 1423 2845 sed

408 2888 437 2935 et
457 2873 559 2938 studiis
579 2877 720 2958 praefuit,
740 2876 821 2936 etde
840 2877 937 2954 lingua
962 2897 1082 2956 graece,
1104 2899 1160 2957 qua
1190 2877 1305 2936 valebat
1331 2877 1422 2958 piuri-

408 3001 500 3057 mum,
510 2983 628 3043 latinam
643 2985 798 3044 oraticnem
813 2983 913 3044 babuit
932 2984 1103 3043 luculentam
1118 2997 1147 3043 et
1165 2981 1324 3052 eruditam,
1342 3004 1426 3062 quoru

407 3085 515 3147 Romae
544 3105 611 3146 auu.
644 3086 717 3165 1753
739 3083 846 3166 publici
866 3083 936 3162 juris
959 3085 1048 3157 secit3
1069 3097 1099 3143 ut
1118 3084 1202 3142 ctiam
1222 3082 1340 3142 alterurn
1358 3085 1422 3142 En,

408 3185 563 3249 cibidium
583 3206 619 3244 ex
637 3205 720 3267 opere
739 3185 865 3262 ejusdcm
881 3184 1028 3248 Benedicti
1045 3187 1132 3248 xlv.
1155 3181 1204 3244 De
1212 3187 1306 3261 festis·
1325 3185 1367 3244 D.
1384 3185 1427 3252 Ν,

407 3288 484 3355 Jesu
503 3289 638 3362 Christi,
660 3301 691 3348 et
713 3291 749 3353 B.
771 3287 898 3356 Mariae
920 3291 1040 3366 uirginis
1061 3299 1091 3347 et
1109 3290 1148 3348 de
1166 3287 1286 3352 Sacratis
1305 3289 1348 3350 ad
1366 3289 1427 3348 Εε-ι

369 3387 375 3400 ’
407 3398 529 3460 clesiam
551 3397 751 3457 bononiensem
767 3397 1000 3478 pertinentibus,
1024 3395 1099 3479 typis
1120 3397 1272 3474 §pertinuit
1295 3395 1425 3478 patarini

409 3504 576 3584 eunapii*
602 3504 632 3564 in
654 3506 696 3575 ὃ,
729 3520 878 3584 utrumque
898 3504 990 3566 eidem
1017 3501 1172 3566 Benedicto'
1191 3502 1320 3574 discut,
1350 3503 1431 3572 iliona

409 3605 613 3688 inscriptione,
634 3607 687 3670 boc
706 3608 746 3670 ad
764 3609 893 3677 eumdem
911 3610 1063 3692 praemissa
1083 3607 1224 3692 epistola.

452 3717 576 3775 Exstant
592 3717 750 3793 nonnulla,
771 3739 842 3798 quae
863 3717 1011 3800 adipsum
1030 3718 1173 3800 pertinent
1187 3714 1218 3774 in
1229 3711 1354 3784 libellis,
1375 3710 1428 3788 qui

409 3822 546 3889 dicuntur-
567 3825 654 3906 vulgo.
677 3827 845 3898 Peucesten
865 3841 893 3887 et
912 3825 1052 3907 quaedam
1077 3825 1160 3884 etiarn
1181 3819 1307 3882 nondum
1334 3816 1434 3893 edita,

408 3949 528 4013 quorum
546 3929 602 3988 alia
621 3929 716 3988 soluta
738 3928 862 3988 numeris
873 3972 883 4003 ‚
895 3928 951 3990 alia
966 3925 1122 3998 adstricta,
1135 3925 1210 3986 inter
1228 3941 1298 4003 quae
1312 3930 1345 3977 et*
1354 3937 1433 3997 grae.

409 4059 461 4107 η,
476 4031 553 4121 apud
571 4030 662 4124 ipsius
690 4029 831 4098 heredes.
851 4032 926 4100 Suae
947 4051 1057 4112 quoque
1077 4027 1262 4096 inchoaverat
1278 4019 1426 4090 historiens
