3259 4959
378 378 444 452 190
845 364 929 415 vm

375 498 447 595 ejus
465 494 559 568 libris
585 512 783 583 excerpere,
810 508 895 580 qnae
920 504 1000 553 mox
1025 478 1213 553 transferret
1230 476 1267 551 in
1293 502 1391 579 suess

375 642 442 689 non
472 610 630 686 mediocri
657 624 772 703 postea
798 606 910 677 dolore
936 600 1074 675 affectus
1093 626 1135 671 ex
1161 600 1234 695 eius
1262 620 1388 675 morte.

375 738 473 810 Clare
490 732 688 826 perspicitur
705 753 748 801 ex
765 730 829 799 hoc
845 748 931 809 nno,
949 739 1090 816 quantos
1118 722 1288 794 Sandinus
1315 716 1390 793 fne-

375 852 440 936 rit,
459 848 515 941 qni
545 848 646 919 talem
673 858 866 939 tantumque
883 838 1076 911 Pontificem
1095 852 1267 929 tantopere
1284 838 1393 929 potnit

379 963 527 1053 efficere3
541 978 577 1034 et
593 962 630 1033 in
648 984 713 1054 quo
731 960 790 1031 itls
809 954 998 1044 eminebat,
1011 953 1048 1025 in
1059 952 1182 1047 soipso
1200 952 1311 1023 eidem
1323 976 1393 1027 mas

377 1106 520 1180 gnopere
546 1104 583 1153 se
610 1080 765 1173 probare.
790 1082 1001 1169 Quamquam
1033 1069 1115 1144 satis
1142 1084 1195 1143 est
1220 1072 1390 1145 consulere

379 1202 529 1297 ejusdcm
542 1198 645 1271 libros
657 1224 666 1287 ς
676 1194 790 1268 statim
805 1192 965 1268 discimus
979 1204 1101 1285 quanta
1118 1188 1218 1261 inerit
1229 1188 1291 1261 viri
1302 1191 1392 1263 laus.

377 1319 487 1405 Quam
510 1313 687 1403 diiigenter
703 1311 815 1381 omnia
836 1305 1060 1401 persequitur!
1082 1305 1118 1379 si
1138 1305 1220 1401 quid
1237 1300 1334 1377 affert
1348 1305 1392 1375 ab

381 1433 457 1505 aliis
477 1430 684 1517 auctoribus,
709 1428 772 1501 hoc
799 1430 869 1500 suis
886 1428 959 1521 ipse
978 1424 1083 1499 oculis
1111 1424 1197 1498 vidit
1214 1424 1250 1497 in
1278 1444 1391 1497 eornm

378 1546 548 1639 operibus.
569 1546 729 1639 Quaeque
761 1542 923 1631 affirmat,
950 1567 990 1614 ea
1017 1565 1082 1611 non
1101 1558 1226 1612 temere
1243 1538 1287 1612 ab
1315 1524 1391 1614 aliis

378 1680 515 1758 occepta
532 1658 652 1752 refert3
671 1662 731 1735 sed
748 1662 884 1749 hausit,
905 1660 964 1734 nbi
987 1662 1115 1756 potnit,
1134 1684 1177 1737 er
1194 1660 1278 1752 ipsis
1295 1654 1393 1731 fonti.

378 1784 457 1872 bus,
468 1782 625 1878 indagare
645 1782 760 1855 solitus
779 1780 1021 1876 conquisitione
1039 1779 1280 1868 intentissima,
1295 1802 1392 1872 qnae·

381 1920 524 1991 cumque
551 1896 665 1967 haberi
686 1914 821 1989 possent
848 1912 1082 1968 monuments.
1106 1898 1274 1988 Quantum
1298 1918 1394 1989 prac-

379 2027 469 2083 terea
494 2011 622 2103 pondus
649 2012 684 2080 in
705 2010 812 2083 verbis
832 2029 931 2105 atque
958 2009 1150 2083 sententiis!
1171 2014 1280 2103 Quam
1304 2008 1393 2097 nihil

380 2148 446 2196 non
463 2123 704 2194 consideratum
724 2122 839 2197 exibat
856 2148 899 2199 ex
912 2124 985 2199 ore!

426 2239 534 2330 Atque
558 2236 621 2308 hoc
651 2238 785 2331 quidem
818 2239 927 2311 elucet
944 2237 981 2309 in
999 2236 1060 2311 illo
1087 2236 1261 2333 praecipue
1285 2234 1375 2310 libro
1382 2290 1394 2333 ,

379 2356 436 2451 qui
454 2354 664 2429 inscribitur:
693 2354 791 2428 Vitae
817 2354 1020 2451 Pontificum
1050 2382 1279 2430 rornanortun.
1306 2358 1393 2431 lue.

378 2494 455 2549 runt
468 2476 558 2549 enim
577 2474 714 2570 quidam
733 2500 776 2549 ex
789 2476 843 2547 his
863 2502 979 2569 parurn
994 2478 1112 2571 probi;
1127 2476 1257 2551 fuerunt
1274 2475 1394 2575 etiam,

376 2592 435 2685 qui
453 2590 590 2669 obnoxii
613 2591 704 2661 vitiis
732 2615 797 2662 non
817 2591 951 2684 paucis.
972 2595 1024 2663 De
1043 2592 1097 2664 bis
1121 2618 1186 2663 non
1205 2593 1308 2664 tacuit
1322 2595 1391 2665 An·

380 2707 510 2793 tonius,
533 2702 659 2777 sedita
678 2705 786 2792 dixit,
806 2721 844 2775 ut
861 2704 1013 2777 videatur
1037 2706 1161 2783 insitus
1184 2708 1226 2779 de
1244 2706 1313 2777 illis
1340 2706 1395 2777 di·

379 2842 474 2905 cere,
493 2818 581 2911 quod
598 2818 732 2911 sequius
750 2819 812 2905 sit,
836 2818 995 2891 historiae
1015 2834 1142 2893 tantum
1162 2821 1299 2891 veritate
1317 2840 1395 2889 coa.

381 2952 453 3007 ctus
462 2988 473 3023 ,
492 2958 569 3009 usus
587 2938 690 3008 etiam
709 2952 882 3030 propterea
900 2962 966 3008 non
986 2939 1091 3010 semei
1106 2938 1247 3008 eliorum
1266 2936 1394 3010 verbis.

382 3050 502 3138 Dixit,
521 3050 676 3143 inquam,
694 3074 793 3143 parce
811 3068 846 3121 et
868 3052 1125 3141 circumspecte,
1145 3074 1187 3121 ne
1213 3050 1293 3141 quid
1317 3053 1397 3121 itto-

382 3188 456 3235 mm
474 3164 619 3257 dignitas
638 3164 859 3237 venerationis
877 3166 1065 3251 amitteret,
1083 3164 1277 3256 praesertim
1305 3166 1397 3256 apud

379 3284 515 3379 juvenes
534 3281 680 3355 nondum
700 3282 766 3354 acri
785 3282 955 3381 judicioet
976 3282 1197 3379 intelligentia
1209 3282 1393 3374 polientes:

380 3398 514 3490 scripsit
532 3398 623 3469 enim
642 3398 757 3471 horum
787 3398 823 3468 in
853 3398 972 3491 primis
990 3400 1113 3492 gratia.
1138 3400 1177 3469 In
1202 3399 1267 3469 hoc
1294 3397 1393 3491 quid·

383 3518 465 3610 quid
484 3520 632 3591 nonnulli
651 3520 769 3591 dicturi
789 3534 918 3605 essent,
938 3518 1097 3589 maiuitn
1125 3540 1162 3589 se
1178 3516 1311 3609 quidvis
1334 3538 1396 3609 po·

382 3637 467 3724 tius,
488 3662 587 3729 quam
613 3639 823 3731 prudentiam
847 3636 1048 3711 desiderari.
1074 3636 1325 3721 nuncetiam,
1351 3656 1395 3705 ne

380 3748 546 3821 videretur
557 3754 800 3843 quodammodo
811 3780 924 3829 eornm
938 3754 1134 3827 memoriam
1149 3752 1300 3839 laedere,
1312 3776 1394 3843 quos

384 3862 545 3933 debemus
564 3864 686 3937 honore
703 3884 737 3937 et
755 3892 866 3939 emere
885 3871 1037 3962 prosequi
1057 3886 1227 3961 tamquam
1246 3884 1378 3959 patres.

431 3978 618 4053 Veniamus
636 3980 680 4053 td
698 3982 822 4055 extima
836 4035 845 4053 .
860 3984 939 4077 Ipsa
957 3983 1091 4057 dicendi
1106 3982 1190 4055 ratio
1209 3982 1287 4078 (nti
1306 3982 1341 4052 in
1364 4006 1397 4058 t·
