<?xml version="1.0" encoding="UTF-8"?>
<!DOCTYPE html PUBLIC "-//W3C//DTD XHTML 1.0 Transitional//EN"
    "http://www.w3.org/TR/xhtml1/DTD/xhtml1-transitional.dtd">
<html xmlns="http://www.w3.org/1999/xhtml" xml:lang="en" lang="en">
 <head>
  <title>
</title>
<meta http-equiv="Content-Type" content="text/html;charset=utf-8" />
  <meta name='ocr-system' content='tesseract 3.04.00' />
  <meta name='ocr-capabilities' content='ocr_page ocr_carea ocr_par ocr_line ocrx_word'/>
</head>
<body>
  <div class='ocr_page' id='page_1' title='image "./vitaevirorumill00ferrgoog_0445.png"; bbox 0 0 3259 4959; ppageno 0'>
   <div class='ocr_carea' id='block_1_1' title="bbox 565 346 1208 447">
    <p class='ocr_par' dir='ltr' id='par_1_1' title="bbox 565 346 1208 447">
     <span class='ocr_line' id='line_1_1' title="bbox 565 346 1208 447; baseline 0.009 -29"><span class='ocrx_word' id='word_1_1' title='bbox 565 371 704 420; x_wconf 77' lang='lat' dir='ltr'>rossem</span> <span class='ocrx_word' id='word_1_2' title='bbox 722 367 855 420; x_wconf 76' lang='lat' dir='ltr'>notent</span> <span class='ocrx_word' id='word_1_3' title='bbox 1139 346 1208 447; x_wconf 77' lang='lat'>397</span> 
     </span>
    </p>
   </div>
   <div class='ocr_carea' id='block_1_2' title="bbox 196 489 1215 2421">
    <p class='ocr_par' dir='ltr' id='par_1_2' title="bbox 196 489 1215 2073">
     <span class='ocr_line' id='line_1_2' title="bbox 202 489 1210 580; baseline 0.003 -22"><span class='ocrx_word' id='word_1_4' title='bbox 202 491 405 580; x_wconf 80' lang='lat' dir='ltr'>planetarum</span> <span class='ocrx_word' id='word_1_5' title='bbox 422 491 479 573; x_wconf 83' lang='lat' dir='ltr'>(nt</span> <span class='ocrx_word' id='word_1_6' title='bbox 498 491 598 558; x_wconf 85' lang='lat' dir='ltr'>ctionr</span> <span class='ocrx_word' id='word_1_7' title='bbox 618 489 903 578; x_wconf 84' lang='lat' dir='ltr'>alibi)ndspectus</span> <span class='ocrx_word' id='word_1_8' title='bbox 929 503 1042 572; x_wconf 86' lang='lat' dir='ltr'>notat,</span> <span class='ocrx_word' id='word_1_9' title='bbox 1057 504 1090 558; x_wconf 88' lang='lat' dir='ltr'>et</span> <span class='ocrx_word' id='word_1_10' title='bbox 1110 507 1210 566; x_wconf 73' lang='lat' dir='ltr'>esno-</span> 
     </span>
     <span class='ocr_line' id='line_1_3' title="bbox 203 601 1210 690; baseline 0.003 -18"><span class='ocrx_word' id='word_1_11' title='bbox 203 627 275 672; x_wconf 85' lang='lat' dir='ltr'>tum</span> <span class='ocrx_word' id='word_1_12' title='bbox 295 607 396 690; x_wconf 85' lang='lat' dir='ltr'>situs,</span> <span class='ocrx_word' id='word_1_13' title='bbox 410 627 529 672; x_wconf 84' lang='lat' dir='ltr'>novum</span> <span class='ocrx_word' id='word_1_14' title='bbox 550 607 696 672; x_wconf 87' lang='lat' dir='ltr'>lunarem</span> <span class='ocrx_word' id='word_1_15' title='bbox 719 601 878 688; x_wconf 83' lang='lat' dir='ltr'>Cyclnm,</span> <span class='ocrx_word' id='word_1_16' title='bbox 894 623 1006 672; x_wconf 86' lang='lat' dir='ltr'>secum</span> <span class='ocrx_word' id='word_1_17' title='bbox 1025 604 1210 675; x_wconf 75' lang='lat' dir='ltr'>trahentem</span> 
     </span>
     <span class='ocr_line' id='line_1_4' title="bbox 201 717 1211 811; baseline -0.004 -25"><span class='ocrx_word' id='word_1_18' title='bbox 201 739 240 786; x_wconf 86' lang='lat' dir='ltr'>no</span> <span class='ocrx_word' id='word_1_19' title='bbox 271 719 495 788; x_wconf 78' lang='lat' dir='ltr'>moderantem</span> <span class='ocrx_word' id='word_1_20' title='bbox 522 717 667 807; x_wconf 78' lang='lat' dir='ltr'>singulas</span> <span class='ocrx_word' id='word_1_21' title='bbox 688 731 921 805; x_wconf 77' lang='lat' dir='ltr'>tempestates,</span> <span class='ocrx_word' id='word_1_22' title='bbox 941 733 975 787; x_wconf 90' lang='lat' dir='ltr'>et</span> <span class='ocrx_word' id='word_1_23' title='bbox 998 719 1065 787; x_wconf 90' lang='lat' dir='ltr'>alia</span> <span class='ocrx_word' id='word_1_24' title='bbox 1094 718 1211 811; x_wconf 79' lang='lat' dir='ltr'>hujus.</span> 
     </span>
     <span class='ocr_line' id='line_1_5' title="bbox 200 832 1209 924; baseline 0.006 -21"><span class='ocrx_word' id='word_1_25' title='bbox 200 835 310 903; x_wconf 90' lang='lat' dir='ltr'>modi.</span> <span class='ocrx_word' id='word_1_26' title='bbox 332 840 380 904; x_wconf 81' lang='lat' dir='ltr'>Ac</span> <span class='ocrx_word' id='word_1_27' title='bbox 410 859 449 903; x_wconf 91' lang='lat' dir='ltr'>ne</span> <span class='ocrx_word' id='word_1_28' title='bbox 477 835 550 924; x_wconf 82' lang='lat' dir='ltr'>quis</span> <span class='ocrx_word' id='word_1_29' title='bbox 581 835 715 902; x_wconf 78' lang='lat' dir='ltr'>haereat</span> <span class='ocrx_word' id='word_1_30' title='bbox 738 832 899 922; x_wconf 80' lang='lat' dir='ltr'>legendo,</span> <span class='ocrx_word' id='word_1_31' title='bbox 919 835 1086 903; x_wconf 87' lang='lat' dir='ltr'>technicas</span> <span class='ocrx_word' id='word_1_32' title='bbox 1113 861 1209 908; x_wconf 75' lang='lat' dir='ltr'>noces</span> 
     </span>
     <span class='ocr_line' id='line_1_6' title="bbox 201 952 1206 1042; baseline 0.004 -23"><span class='ocrx_word' id='word_1_33' title='bbox 201 975 369 1021; x_wconf 83' lang='lat' dir='ltr'>omnesne</span> <span class='ocrx_word' id='word_1_34' title='bbox 391 970 482 1020; x_wconf 89' lang='lat' dir='ltr'>notus</span> <span class='ocrx_word' id='word_1_35' title='bbox 503 953 668 1042; x_wconf 87' lang='lat' dir='ltr'>explicet.</span> <span class='ocrx_word' id='word_1_36' title='bbox 689 952 861 1040; x_wconf 79' lang='lat' dir='ltr'>Quaedam</span> <span class='ocrx_word' id='word_1_37' title='bbox 880 953 1015 1041; x_wconf 84' lang='lat' dir='ltr'>insuper</span> <span class='ocrx_word' id='word_1_38' title='bbox 1035 971 1147 1022; x_wconf 88' lang='lat' dir='ltr'>monet</span> <span class='ocrx_word' id='word_1_39' title='bbox 1171 957 1206 1023; x_wconf 89' lang='lat' dir='ltr'>in</span> 
     </span>
     <span class='ocr_line' id='line_1_7' title="bbox 199 1069 1212 1161; baseline 0.004 -23"><span class='ocrx_word' id='word_1_40' title='bbox 199 1071 261 1138; x_wconf 89' lang='lat' dir='ltr'>hoc</span> <span class='ocrx_word' id='word_1_41' title='bbox 279 1069 409 1155; x_wconf 91' lang='lat' dir='ltr'>libello,</span> <span class='ocrx_word' id='word_1_42' title='bbox 424 1095 508 1161; x_wconf 88' lang='lat' dir='ltr'>quae</span> <span class='ocrx_word' id='word_1_43' title='bbox 529 1093 678 1158; x_wconf 82' lang='lat' dir='ltr'>agrorum</span> <span class='ocrx_word' id='word_1_44' title='bbox 696 1087 729 1138; x_wconf 90' lang='lat' dir='ltr'>et</span> <span class='ocrx_word' id='word_1_45' title='bbox 746 1070 930 1138; x_wconf 78' lang='lat' dir='ltr'>medicinae</span> <span class='ocrx_word' id='word_1_46' title='bbox 947 1072 983 1138; x_wconf 90' lang='lat' dir='ltr'>in</span> <span class='ocrx_word' id='word_1_47' title='bbox 1003 1072 1120 1159; x_wconf 88' lang='lat' dir='ltr'>primis</span> <span class='ocrx_word' id='word_1_48' title='bbox 1140 1074 1212 1142; x_wconf 89' lang='lat' dir='ltr'>cul·</span> 
     </span>
     <span class='ocr_line' id='line_1_8' title="bbox 197 1183 1215 1276; baseline 0.002 -24"><span class='ocrx_word' id='word_1_49' title='bbox 197 1185 322 1252; x_wconf 88' lang='lat' dir='ltr'>toribus</span> <span class='ocrx_word' id='word_1_50' title='bbox 343 1185 483 1274; x_wconf 88' lang='lat' dir='ltr'>aliisque</span> <span class='ocrx_word' id='word_1_51' title='bbox 508 1185 604 1252; x_wconf 86' lang='lat' dir='ltr'>utilia</span> <span class='ocrx_word' id='word_1_52' title='bbox 624 1185 701 1271; x_wconf 88' lang='lat' dir='ltr'>(r).</span> <span class='ocrx_word' id='word_1_53' title='bbox 733 1185 851 1252; x_wconf 84' lang='lat' dir='ltr'>Eidem</span> <span class='ocrx_word' id='word_1_54' title='bbox 871 1183 959 1250; x_wconf 78' lang='lat' dir='ltr'>saria</span> <span class='ocrx_word' id='word_1_55' title='bbox 977 1186 1116 1254; x_wconf 90' lang='lat' dir='ltr'>inseruit</span> <span class='ocrx_word' id='word_1_56' title='bbox 1135 1209 1215 1276; x_wconf 85' lang='lat' dir='ltr'>quo·</span> 
     </span>
     <span class='ocr_line' id='line_1_9' title="bbox 199 1295 1211 1388; baseline 0.004 -23"><span class='ocrx_word' id='word_1_57' title='bbox 199 1321 263 1388; x_wconf 88' lang='lat' dir='ltr'>qne</span> <span class='ocrx_word' id='word_1_58' title='bbox 283 1297 438 1386; x_wconf 86' lang='lat' dir='ltr'>opuscola</span> <span class='ocrx_word' id='word_1_59' title='bbox 452 1347 461 1381; x_wconf 97' lang='lat'>,</span> <span class='ocrx_word' id='word_1_60' title='bbox 477 1319 561 1386; x_wconf 86' lang='lat' dir='ltr'>quse</span> <span class='ocrx_word' id='word_1_61' title='bbox 581 1298 768 1364; x_wconf 87' lang='lat' dir='ltr'>nonsolnm</span> <span class='ocrx_word' id='word_1_62' title='bbox 789 1295 925 1387; x_wconf 72' lang='lat' dir='ltr'>juvant,</span> <span class='ocrx_word' id='word_1_63' title='bbox 944 1297 1003 1365; x_wconf 82' lang='lat' dir='ltr'>sed</span> <span class='ocrx_word' id='word_1_64' title='bbox 1019 1299 1122 1368; x_wconf 90' lang='lat' dir='ltr'>etiam</span> <span class='ocrx_word' id='word_1_65' title='bbox 1135 1323 1211 1370; x_wconf 85' lang='lat' dir='ltr'>cunt</span> 
     </span>
     <span class='ocr_line' id='line_1_10' title="bbox 197 1414 1210 1506; baseline 0.004 -24"><span class='ocrx_word' id='word_1_66' title='bbox 197 1415 365 1504; x_wconf 83' lang='lat' dir='ltr'>voluptate</span> <span class='ocrx_word' id='word_1_67' title='bbox 383 1415 520 1484; x_wconf 88' lang='lat' dir='ltr'>lectores</span> <span class='ocrx_word' id='word_1_68' title='bbox 539 1414 711 1482; x_wconf 78' lang='lat' dir='ltr'><strong>detinent.</strong></span> <span class='ocrx_word' id='word_1_69' title='bbox 731 1416 784 1483; x_wconf 90' lang='lat' dir='ltr'>De</span> <span class='ocrx_word' id='word_1_70' title='bbox 805 1415 847 1483; x_wconf 88' lang='lat' dir='ltr'>iis</span> <span class='ocrx_word' id='word_1_71' title='bbox 868 1414 959 1482; x_wconf 89' lang='lat' dir='ltr'>enim</span> <span class='ocrx_word' id='word_1_72' title='bbox 973 1433 1103 1500; x_wconf 84' lang='lat' dir='ltr'>narrat,</span> <span class='ocrx_word' id='word_1_73' title='bbox 1125 1439 1210 1506; x_wconf 84' lang='lat' dir='ltr'>quae</span> 
     </span>
     <span class='ocr_line' id='line_1_11' title="bbox 199 1527 1212 1619; baseline 0.005 -25"><span class='ocrx_word' id='word_1_74' title='bbox 199 1529 378 1596; x_wconf 84' lang='lat' dir='ltr'>novissime</span> <span class='ocrx_word' id='word_1_75' title='bbox 389 1529 554 1619; x_wconf 80' lang='lat' dir='ltr'>contigere</span> <span class='ocrx_word' id='word_1_76' title='bbox 573 1543 702 1617; x_wconf 88' lang='lat' dir='ltr'>praeter</span> <span class='ocrx_word' id='word_1_77' title='bbox 717 1527 881 1606; x_wconf 56' lang='lat' dir='ltr'>usitatam⁴</span> <span class='ocrx_word' id='word_1_78' title='bbox 893 1543 1125 1617; x_wconf 75' lang='lat' dir='ltr'>tempestatum</span> <span class='ocrx_word' id='word_1_79' title='bbox 1138 1553 1212 1599; x_wconf 84' lang='lat' dir='ltr'>con·</span> 
     </span>
     <span class='ocr_line' id='line_1_12' title="bbox 199 1641 1215 1712; baseline 0.006 -6"><span class='ocrx_word' id='word_1_80' title='bbox 199 1645 405 1710; x_wconf 74' lang='lat' dir='ltr'>suetudinem</span> <span class='ocrx_word' id='word_1_81' title='bbox 433 1665 471 1710; x_wconf 87' lang='lat' dir='ltr'>ao</span> <span class='ocrx_word' id='word_1_82' title='bbox 498 1665 622 1710; x_wconf 88' lang='lat' dir='ltr'>morem</span> <span class='ocrx_word' id='word_1_83' title='bbox 643 1691 650 1709; x_wconf 92' lang='lat'><em>.</em></span> <span class='ocrx_word' id='word_1_84' title='bbox 673 1641 783 1710; x_wconf 85' lang='lat' dir='ltr'>Habet</span> <span class='ocrx_word' id='word_1_85' title='bbox 801 1659 834 1710; x_wconf 90' lang='lat' dir='ltr'>et</span> <span class='ocrx_word' id='word_1_86' title='bbox 867 1643 934 1709; x_wconf 87' lang='lat' dir='ltr'>alia</span> <span class='ocrx_word' id='word_1_87' title='bbox 962 1643 1003 1710; x_wconf 88' lang='lat' dir='ltr'>ntl</span> <span class='ocrx_word' id='word_1_88' title='bbox 1020 1642 1215 1712; x_wconf 76' lang='lat' dir='ltr'>naeteorolo·</span> 
     </span>
     <span class='ocr_line' id='line_1_13' title="bbox 196 1755 1214 1849; baseline 0.005 -27"><span class='ocrx_word' id='word_1_89' title='bbox 196 1755 305 1849; x_wconf 73' lang='lat' dir='ltr'>giem,</span> <span class='ocrx_word' id='word_1_90' title='bbox 317 1773 354 1826; x_wconf 89' lang='lat' dir='ltr'>nt</span> <span class='ocrx_word' id='word_1_91' title='bbox 371 1759 571 1846; x_wconf 90' lang='lat' dir='ltr'>plurimum,</span> <span class='ocrx_word' id='word_1_92' title='bbox 592 1759 806 1847; x_wconf 83' lang='lat' dir='ltr'>pertinentia.</span> <span class='ocrx_word' id='word_1_93' title='bbox 825 1759 888 1826; x_wconf 90' lang='lat' dir='ltr'>His</span> <span class='ocrx_word' id='word_1_94' title='bbox 906 1759 1060 1826; x_wconf 84' lang='lat' dir='ltr'>omnibus</span> <span class='ocrx_word' id='word_1_95' title='bbox 1079 1759 1214 1827; x_wconf 87' lang='lat' dir='ltr'>demon-</span> 
     </span>
     <span class='ocr_line' id='line_1_14' title="bbox 197 1873 1213 1964; baseline 0.004 -26"><span class='ocrx_word' id='word_1_96' title='bbox 197 1889 302 1939; x_wconf 86' lang='lat' dir='ltr'>strare</span> <span class='ocrx_word' id='word_1_97' title='bbox 317 1873 485 1940; x_wconf 88' lang='lat' dir='ltr'>oontendit</span> <span class='ocrx_word' id='word_1_98' title='bbox 497 1886 743 1960; x_wconf 82' lang='lat' dir='ltr'>praepotentem</span> <span class='ocrx_word' id='word_1_99' title='bbox 763 1873 857 1940; x_wconf 89' lang='lat' dir='ltr'>illam</span> <span class='ocrx_word' id='word_1_100' title='bbox 871 1894 994 1964; x_wconf 82' lang='lat' dir='ltr'>‚quarn</span> <span class='ocrx_word' id='word_1_101' title='bbox 1009 1887 1116 1940; x_wconf 81' lang='lat' dir='ltr'>tuetur</span> <span class='ocrx_word' id='word_1_102' title='bbox 1136 1873 1213 1942; x_wconf 89' lang='lat' dir='ltr'>totis</span> 
     </span>
     <span class='ocr_line' id='line_1_15' title="bbox 198 1981 637 2073; baseline 0.002 -23"><span class='ocrx_word' id='word_1_103' title='bbox 198 1983 340 2066; x_wconf 79' lang='lat' dir='ltr'>uiribus,</span> <span class='ocrx_word' id='word_1_104' title='bbox 361 1983 457 2052; x_wconf 88' lang='lat' dir='ltr'>lunae</span> <span class='ocrx_word' id='word_1_105' title='bbox 476 1981 577 2072; x_wconf 82' lang='lat' dir='ltr'>vim(</span> <span class='ocrx_word' id='word_1_106' title='bbox 603 1985 637 2073; x_wconf 91' lang='lat'>).</span> 
     </span>
    </p>

    <p class='ocr_par' dir='ltr' id='par_1_3' title="bbox 197 2095 1214 2421">
     <span class='ocr_line' id='line_1_16' title="bbox 242 2095 1212 2184; baseline -0.001 -16"><span class='ocrx_word' id='word_1_107' title='bbox 242 2098 319 2168; x_wconf 89' lang='lat' dir='ltr'>Non</span> <span class='ocrx_word' id='word_1_108' title='bbox 338 2095 470 2168; x_wconf 80' lang='lat' dir='ltr'>defuere</span> <span class='ocrx_word' id='word_1_109' title='bbox 491 2113 618 2178; x_wconf 85' lang='lat' dir='ltr'>tamen,</span> <span class='ocrx_word' id='word_1_110' title='bbox 632 2097 689 2184; x_wconf 90' lang='lat' dir='ltr'>qui</span> <span class='ocrx_word' id='word_1_111' title='bbox 703 2111 815 2164; x_wconf 86' lang='lat' dir='ltr'>contra</span> <span class='ocrx_word' id='word_1_112' title='bbox 835 2096 1015 2178; x_wconf 74' lang='lat' dir='ltr'>sentirent,</span> <span class='ocrx_word' id='word_1_113' title='bbox 1033 2111 1069 2164; x_wconf 84' lang='lat' dir='ltr'>et</span> <span class='ocrx_word' id='word_1_114' title='bbox 1084 2095 1212 2166; x_wconf 77' lang='lat' dir='ltr'>nubam</span> 
     </span>
     <span class='ocr_line' id='line_1_17' title="bbox 197 2212 1212 2305; baseline 0.001 -22"><span class='ocrx_word' id='word_1_115' title='bbox 197 2231 355 2305; x_wconf 84' lang='lat' dir='ltr'>ponerent</span> <span class='ocrx_word' id='word_1_116' title='bbox 373 2216 538 2283; x_wconf 89' lang='lat' dir='ltr'>actionem</span> <span class='ocrx_word' id='word_1_117' title='bbox 557 2215 672 2282; x_wconf 89' lang='lat' dir='ltr'>lunae.</span> <span class='ocrx_word' id='word_1_118' title='bbox 689 2212 894 2282; x_wconf 84' lang='lat' dir='ltr'>Auctoritate</span> <span class='ocrx_word' id='word_1_119' title='bbox 907 2214 1034 2282; x_wconf 82' lang='lat' dir='ltr'>eminet</span> <span class='ocrx_word' id='word_1_120' title='bbox 1048 2214 1136 2283; x_wconf 88' lang='lat' dir='ltr'>inter</span> <span class='ocrx_word' id='word_1_121' title='bbox 1151 2217 1212 2284; x_wconf 87' lang='lat' dir='ltr'>hos</span> 
     </span>
     <span class='ocr_line' id='line_1_18' title="bbox 197 2328 1214 2421; baseline 0 -21"><span class='ocrx_word' id='word_1_122' title='bbox 197 2331 399 2400; x_wconf 74' lang='lat' dir='ltr'>detinuimus</span> <span class='ocrx_word' id='word_1_123' title='bbox 417 2328 560 2412; x_wconf 85' lang='lat' dir='ltr'>Frisios,</span> <span class='ocrx_word' id='word_1_124' title='bbox 572 2345 609 2396; x_wconf 89' lang='lat' dir='ltr'>ut</span> <span class='ocrx_word' id='word_1_125' title='bbox 628 2329 739 2398; x_wconf 81' lang='lat' dir='ltr'>ridere</span> <span class='ocrx_word' id='word_1_126' title='bbox 758 2330 864 2398; x_wconf 87' lang='lat' dir='ltr'>estin</span> <span class='ocrx_word' id='word_1_127' title='bbox 882 2330 991 2420; x_wconf 86' lang='lat' dir='ltr'>primo</span> <span class='ocrx_word' id='word_1_128' title='bbox 1009 2352 1053 2399; x_wconf 84' lang='lat' dir='ltr'>ex</span> <span class='ocrx_word' id='word_1_129' title='bbox 1070 2331 1214 2421; x_wconf 84' lang='lat' dir='ltr'>philoso-</span> 
     </span>
    </p>
   </div>
   <div class='ocr_carea' id='block_1_3' title="bbox 540 2495 870 2524">
    <p class='ocr_par' dir='ltr' id='par_1_4' title="bbox 540 2495 870 2524">
     <span class='ocr_line' id='line_1_19' title="bbox 540 2495 870 2524; baseline -0.003 0"><span class='ocrx_word' id='word_1_130' title='bbox 540 2495 870 2524; x_wconf 60' lang='grc' dir='ltr'>ΜΜἎΜἊΜΜ</span> 
     </span>
    </p>
   </div>
   <div class='ocr_carea' id='block_1_4' title="bbox 198 2580 1212 2796">
    <p class='ocr_par' dir='ltr' id='par_1_5' title="bbox 198 2580 1212 2796">
     <span class='ocr_line' id='line_1_20' title="bbox 239 2580 1212 2686; baseline 0.002 -23"><span class='ocrx_word' id='word_1_131' title='bbox 239 2605 288 2682; x_wconf 86' lang='grc' dir='ltr'>(ι)</span> <span class='ocrx_word' id='word_1_132' title='bbox 308 2605 356 2664; x_wconf 85' lang='lat' dir='ltr'>Do</span> <span class='ocrx_word' id='word_1_133' title='bbox 375 2603 428 2665; x_wconf 93' lang='lat' dir='ltr'>boc</span> <span class='ocrx_word' id='word_1_134' title='bbox 449 2601 548 2664; x_wconf 88' lang='lat' dir='ltr'>libello</span> <span class='ocrx_word' id='word_1_135' title='bbox 562 2605 602 2664; x_wconf 86' lang='lat' dir='ltr'>ita</span> <span class='ocrx_word' id='word_1_136' title='bbox 622 2603 816 2686; x_wconf 81' lang='lat' dir='ltr'>ephemerides</span> <span class='ocrx_word' id='word_1_137' title='bbox 837 2580 982 2685; x_wconf 80' lang='lat' dir='ltr'>anglicae,</span> <span class='ocrx_word' id='word_1_138' title='bbox 1004 2625 1121 2684; x_wconf 85' lang='lat' dir='ltr'>quarum</span> <span class='ocrx_word' id='word_1_139' title='bbox 1141 2605 1212 2665; x_wconf 83' lang='lat' dir='ltr'>titu-</span> 
     </span>
     <span class='ocr_line' id='line_1_21' title="bbox 198 2708 1091 2796; baseline 0.002 -27"><span class='ocrx_word' id='word_1_140' title='bbox 198 2708 264 2772; x_wconf 88' lang='lat' dir='ltr'>lus:</span> <span class='ocrx_word' id='word_1_141' title='bbox 289 2711 434 2796; x_wconf 77' lang='lat' dir='ltr'>Monthly</span> <span class='ocrx_word' id='word_1_142' title='bbox 455 2715 563 2774; x_wconf 74' lang='lat' dir='ltr'>reniero</span> <span class='ocrx_word' id='word_1_143' title='bbox 580 2713 649 2776; x_wconf 89' lang='lat' dir='ltr'>Vol.</span> <span class='ocrx_word' id='word_1_144' title='bbox 670 2713 778 2774; x_wconf 81' lang='lat' dir='ltr'>LXXI</span> <span class='ocrx_word' id='word_1_145' title='bbox 794 2726 846 2772; x_wconf 87' lang='lat' dir='ltr'>art.</span> <span class='ocrx_word' id='word_1_146' title='bbox 867 2715 915 2792; x_wconf 78' lang='lat'>39.</span> <span class='ocrx_word' id='word_1_147' title='bbox 935 2733 1001 2793; x_wconf 77' lang='lat' dir='ltr'>pag.</span> <span class='ocrx_word' id='word_1_148' title='bbox 1022 2711 1091 2792; x_wconf 81' lang='lat'><strong>570.</strong></span> 
     </span>
    </p>
   </div>
   <div class='ocr_carea' id='block_1_5' title="bbox 194 2817 1211 3004">
    <p class='ocr_par' dir='ltr' id='par_1_6' title="bbox 194 2817 1211 3004">
     <span class='ocr_line' id='line_1_22' title="bbox 236 2817 1211 2901; baseline 0.004 -23"><span class='ocrx_word' id='word_1_149' title='bbox 236 2837 253 2878; x_wconf 75' lang='lat' dir='ltr'>r&gt;</span> <span class='ocrx_word' id='word_1_150' title='bbox 277 2819 354 2880; x_wconf 83' lang='lat' dir='ltr'>This</span> <span class='ocrx_word' id='word_1_151' title='bbox 376 2820 533 2890; x_wconf 81' lang='lat' dir='ltr'>excellent,</span> <span class='ocrx_word' id='word_1_152' title='bbox 555 2819 612 2880; x_wconf 89' lang='lat' dir='ltr'>and</span> <span class='ocrx_word' id='word_1_153' title='bbox 630 2833 703 2882; x_wconf 85' lang='lat' dir='ltr'>rnost</span> <span class='ocrx_word' id='word_1_154' title='bbox 724 2821 815 2881; x_wconf 86' lang='lat' dir='ltr'>useful</span> <span class='ocrx_word' id='word_1_155' title='bbox 836 2817 994 2901; x_wconf 86' lang='lat' dir='ltr'>periodical</span> <span class='ocrx_word' id='word_1_156' title='bbox 1013 2820 1093 2881; x_wconf 77' lang='lat' dir='ltr'>work</span> <span class='ocrx_word' id='word_1_157' title='bbox 1114 2863 1121 2881; x_wconf 90' lang='lat'><strong>.</strong></span> <span class='ocrx_word' id='word_1_158' title='bbox 1145 2861 1179 2880; x_wconf 85' lang='lat'>..</span> <span class='ocrx_word' id='word_1_159' title='bbox 1203 2864 1211 2882; x_wconf 87' lang='lat'>.</span> 
     </span>
     <span class='ocr_line' id='line_1_23' title="bbox 194 2919 1211 3004; baseline -0.001 -22"><span class='ocrx_word' id='word_1_160' title='bbox 194 2937 212 2982; x_wconf 73' lang='lat' dir='ltr'>a</span> <span class='ocrx_word' id='word_1_161' title='bbox 237 2919 322 3000; x_wconf 79' lang='lat' dir='ltr'>ought</span> <span class='ocrx_word' id='word_1_162' title='bbox 339 2933 370 2982; x_wconf 92' lang='lat' dir='ltr'>to</span> <span class='ocrx_word' id='word_1_163' title='bbox 389 2921 424 2981; x_wconf 91' lang='lat' dir='ltr'>be</span> <span class='ocrx_word' id='word_1_164' title='bbox 445 2920 603 2982; x_wconf 79' lang='lat' dir='ltr'>translated</span> <span class='ocrx_word' id='word_1_165' title='bbox 621 2923 683 2982; x_wconf 90' lang='lat' dir='ltr'>into</span> <span class='ocrx_word' id='word_1_166' title='bbox 703 2923 743 2983; x_wconf 87' lang='lat' dir='ltr'>all</span> <span class='ocrx_word' id='word_1_167' title='bbox 760 2923 919 3004; x_wconf 77' lang='lat' dir='ltr'>lnngnages</span> <span class='ocrx_word' id='word_1_168' title='bbox 932 2943 963 2982; x_wconf 84' lang='lat' dir='ltr'>aa</span> <span class='ocrx_word' id='word_1_169' title='bbox 978 2921 1114 3004; x_wconf 80' lang='lat' dir='ltr'>a&#39;pncket</span> <span class='ocrx_word' id='word_1_170' title='bbox 1131 2941 1211 2981; x_wconf 87' lang='lat' dir='ltr'>coro·</span> 
     </span>
    </p>
   </div>
   <div class='ocr_carea' id='block_1_6' title="bbox 191 3021 1212 3430">
    <p class='ocr_par' dir='ltr' id='par_1_7' title="bbox 191 3021 1212 3314">
     <span class='ocr_line' id='line_1_24' title="bbox 194 3021 1212 3112; baseline 0 -24"><span class='ocrx_word' id='word_1_171' title='bbox 194 3045 212 3088; x_wconf 74' lang='lat' dir='ltr'>n</span> <span class='ocrx_word' id='word_1_172' title='bbox 235 3028 355 3108; x_wconf 87' lang='lat' dir='ltr'>panion,</span> <span class='ocrx_word' id='word_1_173' title='bbox 376 3029 420 3090; x_wconf 86' lang='lat' dir='ltr'>sor</span> <span class='ocrx_word' id='word_1_174' title='bbox 434 3042 462 3088; x_wconf 88' lang='lat' dir='ltr'>tc</span> <span class='ocrx_word' id='word_1_175' title='bbox 481 3044 595 3105; x_wconf 81' lang='lat' dir='ltr'>rector,</span> <span class='ocrx_word' id='word_1_176' title='bbox 612 3029 660 3090; x_wconf 89' lang='lat' dir='ltr'>the</span> <span class='ocrx_word' id='word_1_177' title='bbox 684 3043 898 3105; x_wconf 79' lang='lat' dir='ltr'>consternere,</span> <span class='ocrx_word' id='word_1_178' title='bbox 918 3021 1072 3112; x_wconf 77' lang='lat' dir='ltr'>especially</span> <span class='ocrx_word' id='word_1_179' title='bbox 1092 3028 1141 3089; x_wconf 89' lang='lat' dir='ltr'>the</span> <span class='ocrx_word' id='word_1_180' title='bbox 1164 3049 1212 3092; x_wconf 81' lang='lat' dir='ltr'>ar·</span> 
     </span>
     <span class='ocr_line' id='line_1_25' title="bbox 194 3133 1208 3220; baseline 0.006 -28"><span class='ocrx_word' id='word_1_181' title='bbox 194 3135 304 3208; x_wconf 76' lang='lat' dir='ltr'>atist,</span> <span class='ocrx_word' id='word_1_182' title='bbox 329 3133 377 3198; x_wconf 83' lang='lat' dir='ltr'>the</span> <span class='ocrx_word' id='word_1_183' title='bbox 403 3135 627 3210; x_wconf 81' lang='lat' dir='ltr'>husbandmen,</span> <span class='ocrx_word' id='word_1_184' title='bbox 652 3137 699 3198; x_wconf 89' lang='lat' dir='ltr'>the</span> <span class='ocrx_word' id='word_1_185' title='bbox 729 3137 900 3220; x_wconf 62' lang='lat' dir='ltr'>phynicia,</span> <span class='ocrx_word' id='word_1_186' title='bbox 927 3137 975 3204; x_wconf 78' lang='lat' dir='ltr'>tlte</span> <span class='ocrx_word' id='word_1_187' title='bbox 993 3136 1133 3211; x_wconf 77' lang='lat' dir='ltr'>marines,</span> <span class='ocrx_word' id='word_1_188' title='bbox 1159 3134 1208 3198; x_wconf 78' lang='lat' dir='ltr'>tha</span> 
     </span>
     <span class='ocr_line' id='line_1_26' title="bbox 191 3239 864 3314; baseline 0.015 -20"><span class='ocrx_word' id='word_1_189' title='bbox 191 3255 212 3304; x_wconf 62' lang='grc' dir='ltr'><strong><em>ι</em></strong></span> <span class='ocrx_word' id='word_1_190' title='bbox 236 3239 390 3314; x_wconf 83' lang='lat' dir='ltr'>traveller,</span> <span class='ocrx_word' id='word_1_191' title='bbox 413 3240 471 3300; x_wconf 86' lang='lat' dir='ltr'>and</span> <span class='ocrx_word' id='word_1_192' title='bbox 493 3261 565 3302; x_wconf 81' lang='lat' dir='ltr'>oven</span> <span class='ocrx_word' id='word_1_193' title='bbox 584 3241 632 3302; x_wconf 79' lang='lat' dir='ltr'>the</span> <span class='ocrx_word' id='word_1_194' title='bbox 654 3241 807 3306; x_wconf 82' lang='lat' dir='ltr'>huntsman</span> <span class='ocrx_word' id='word_1_195' title='bbox 826 3267 864 3304; x_wconf 75' lang='lat' dir='ltr'>n.</span> 
     </span>
    </p>

    <p class='ocr_par' dir='ltr' id='par_1_8' title="bbox 238 3343 1210 3430">
     <span class='ocr_line' id='line_1_27' title="bbox 238 3343 1210 3430; baseline 0.007 -29"><span class='ocrx_word' id='word_1_196' title='bbox 238 3343 287 3429; x_wconf 85' lang='lat'>(2)</span> <span class='ocrx_word' id='word_1_197' title='bbox 311 3345 373 3402; x_wconf 76' lang='lat' dir='ltr'>lion</span> <span class='ocrx_word' id='word_1_198' title='bbox 393 3346 491 3404; x_wconf 88' lang='lat' dir='ltr'>eudem</span> <span class='ocrx_word' id='word_1_199' title='bbox 517 3349 636 3409; x_wconf 85' lang='lat' dir='ltr'>consilio</span> <span class='ocrx_word' id='word_1_200' title='bbox 656 3349 694 3410; x_wconf 86' lang='lat' dir='ltr'>ad</span> <span class='ocrx_word' id='word_1_201' title='bbox 715 3351 822 3412; x_wconf 85' lang='lat' dir='ltr'>exitum</span> <span class='ocrx_word' id='word_1_202' title='bbox 840 3349 930 3424; x_wconf 90' lang='lat' dir='ltr'>libri,</span> <span class='ocrx_word' id='word_1_203' title='bbox 949 3368 1032 3428; x_wconf 79' lang='lat' dir='ltr'>quem</span> <span class='ocrx_word' id='word_1_204' title='bbox 1063 3347 1210 3430; x_wconf 83' lang='lat' dir='ltr'>inscripsit</span> 
     </span>
    </p>
   </div>
   <div class='ocr_carea' id='block_1_7' title="bbox 195 3452 1213 3640">
    <p class='ocr_par' dir='ltr' id='par_1_9' title="bbox 195 3452 1213 3640">
     <span class='ocr_line' id='line_1_28' title="bbox 195 3452 1212 3542; baseline 0.008 -30"><span class='ocrx_word' id='word_1_205' title='bbox 195 3452 310 3528; x_wconf 72' lang='lat' dir='ltr'>Saggio</span> <span class='ocrx_word' id='word_1_206' title='bbox 329 3455 567 3530; x_wconf 65' lang='lat' dir='ltr'>memetpippino,</span> <span class='ocrx_word' id='word_1_207' title='bbox 589 3454 701 3516; x_wconf 84' lang='lat' dir='ltr'>addidit</span> <span class='ocrx_word' id='word_1_208' title='bbox 722 3459 804 3518; x_wconf 79' lang='lat' dir='ltr'>Arati</span> <span class='ocrx_word' id='word_1_209' title='bbox 825 3455 1017 3542; x_wconf 84' lang='lat' dir='ltr'>phaenomena</span> <span class='ocrx_word' id='word_1_210' title='bbox 1037 3455 1106 3514; x_wconf 87' lang='lat' dir='ltr'>italo</span> <span class='ocrx_word' id='word_1_211' title='bbox 1126 3475 1212 3520; x_wconf 79' lang='lat' dir='ltr'>versu</span> 
     </span>
     <span class='ocr_line' id='line_1_29' title="bbox 195 3553 1213 3640; baseline 0 -22"><span class='ocrx_word' id='word_1_212' title='bbox 195 3557 326 3640; x_wconf 84' lang='lat' dir='ltr'>exposita</span> <span class='ocrx_word' id='word_1_213' title='bbox 351 3553 388 3614; x_wconf 88' lang='lat' dir='ltr'>ab</span> <span class='ocrx_word' id='word_1_214' title='bbox 415 3555 543 3614; x_wconf 83' lang='lat' dir='ltr'>Antonio</span> <span class='ocrx_word' id='word_1_215' title='bbox 564 3555 684 3638; x_wconf 83' lang='lat' dir='ltr'>Aloysiu</span> <span class='ocrx_word' id='word_1_216' title='bbox 706 3559 816 3617; x_wconf 88' lang='lat' dir='ltr'>Briccio</span> <span class='ocrx_word' id='word_1_217' title='bbox 843 3560 1011 3630; x_wconf 80' lang='lat' dir='ltr'>veronensi,</span> <span class='ocrx_word' id='word_1_218' title='bbox 1031 3557 1135 3617; x_wconf 89' lang='lat' dir='ltr'>multae</span> <span class='ocrx_word' id='word_1_219' title='bbox 1166 3580 1213 3618; x_wconf 84' lang='lat' dir='ltr'>cx·</span> 
     </span>
    </p>
   </div>
   <div class='ocr_carea' id='block_1_8' title="bbox 194 3659 1212 4058">
    <p class='ocr_par' dir='ltr' id='par_1_10' title="bbox 194 3659 1212 4058">
     <span class='ocr_line' id='line_1_30' title="bbox 196 3659 1212 3747; baseline 0.006 -25"><span class='ocrx_word' id='word_1_220' title='bbox 196 3662 380 3746; x_wconf 82' lang='lat' dir='ltr'>spectationis</span> <span class='ocrx_word' id='word_1_221' title='bbox 402 3659 608 3738; x_wconf 86' lang='lat' dir='ltr'>adolescente,</span> <span class='ocrx_word' id='word_1_222' title='bbox 631 3666 660 3724; x_wconf 90' lang='lat' dir='ltr'>in</span> <span class='ocrx_word' id='word_1_223' title='bbox 693 3665 853 3728; x_wconf 80' lang='lat' dir='ltr'>Seminario</span> <span class='ocrx_word' id='word_1_224' title='bbox 878 3667 1013 3747; x_wconf 83' lang='lat' dir='ltr'>patavino</span> <span class='ocrx_word' id='word_1_225' title='bbox 1037 3666 1212 3746; x_wconf 85' lang='lat' dir='ltr'>aliquamdiu</span> 
     </span>
     <span class='ocr_line' id='line_1_31' title="bbox 194 3765 1211 3850; baseline 0.004 -24"><span class='ocrx_word' id='word_1_226' title='bbox 194 3765 298 3831; x_wconf 84' lang='lat' dir='ltr'>litteris</span> <span class='ocrx_word' id='word_1_227' title='bbox 320 3787 352 3826; x_wconf 85' lang='lat' dir='ltr'>ac</span> <span class='ocrx_word' id='word_1_228' title='bbox 373 3765 498 3826; x_wconf 86' lang='lat' dir='ltr'>scientiis</span> <span class='ocrx_word' id='word_1_229' title='bbox 519 3767 650 3829; x_wconf 87' lang='lat' dir='ltr'>instituto</span> <span class='ocrx_word' id='word_1_230' title='bbox 663 3767 783 3830; x_wconf 77' lang='lat' dir='ltr'>‚Paucis</span> <span class='ocrx_word' id='word_1_231' title='bbox 797 3769 913 3832; x_wconf 83' lang='lat' dir='ltr'>abhinc</span> <span class='ocrx_word' id='word_1_232' title='bbox 930 3772 1011 3831; x_wconf 82' lang='lat' dir='ltr'>annis</span> <span class='ocrx_word' id='word_1_233' title='bbox 1024 3783 1114 3831; x_wconf 86' lang='lat' dir='ltr'>morte</span> <span class='ocrx_word' id='word_1_234' title='bbox 1131 3791 1211 3850; x_wconf 84' lang='lat' dir='ltr'>prae-</span> 
     </span>
     <span class='ocr_line' id='line_1_32' title="bbox 195 3867 1210 3960; baseline 0.009 -34"><span class='ocrx_word' id='word_1_235' title='bbox 195 3883 293 3950; x_wconf 83' lang='lat' dir='ltr'>reptus</span> <span class='ocrx_word' id='word_1_236' title='bbox 307 3867 383 3946; x_wconf 77' lang='lat' dir='ltr'>ruit,</span> <span class='ocrx_word' id='word_1_237' title='bbox 402 3887 467 3932; x_wconf 85' lang='lat' dir='ltr'>curu</span> <span class='ocrx_word' id='word_1_238' title='bbox 485 3881 603 3934; x_wconf 80' lang='lat' dir='ltr'>venetae</span> <span class='ocrx_word' id='word_1_239' title='bbox 621 3871 795 3960; x_wconf 85' lang='lat' dir='ltr'>reipublicae</span> <span class='ocrx_word' id='word_1_240' title='bbox 825 3872 995 3938; x_wconf 83' lang='lat' dir='ltr'>consultoris</span> <span class='ocrx_word' id='word_1_241' title='bbox 1016 3875 1113 3941; x_wconf 77' lang='lat' dir='ltr'>officit</span> <span class='ocrx_word' id='word_1_242' title='bbox 1142 3874 1210 3937; x_wconf 80' lang='lat' dir='ltr'>tsn-</span> 
     </span>
     <span class='ocr_line' id='line_1_33' title="bbox 197 3989 327 4058; baseline 0.038 -23"><span class='ocrx_word' id='word_1_243' title='bbox 197 3989 308 4058; x_wconf 76' lang='lat' dir='ltr'>geretnr</span> <span class='ocrx_word' id='word_1_244' title='bbox 319 4019 327 4040; x_wconf 85' lang='lat'>.</span> 
     </span>
    </p>
   </div>
   <div class='ocr_carea' id='block_1_9' title="bbox 0 0 1634 4959">
    <p class='ocr_par' dir='ltr' id='par_1_11' title="bbox 0 0 1634 4959">
     <span class='ocr_line' id='line_1_34' title="bbox 0 0 1634 4959; baseline 0 1"><span class='ocrx_word' id='word_1_245' title='bbox 0 0 1634 4959; x_wconf 95' lang='lat' dir='ltr'> </span> 
     </span>
    </p>
   </div>
  </div>
 </body>
</html>
