3259 4959
506 330 888 391 cinnomannorum
1135 312 1204 385 aas

183 458 294 535 menti.
323 456 504 547 accideret,
541 460 582 531 dc
614 484 680 551 quo
708 458 887 531 dicendum
913 470 1021 543 esset,
1051 453 1095 529 ad
1125 482 1204 531 sum

187 579 440 673 confugiebant.

231 692 511 785 Eloquentissimo
540 693 657 763 Marco
686 694 868 763 Fuscareoo
895 690 1101 761 Venetorum
1129 688 1206 763 duci

149 830 153 837 ·
185 812 299 885 lunera
322 812 522 905 parabantur
548 810 730 883 solemnia.
754 810 877 883 Statim
894 807 1043 881 Sibiliati
1062 833 1126 879 vox
1145 833 1206 881 ex-

185 928 313 1017 petita,
331 943 369 999 ut
394 925 618 1000 immortalem
636 924 745 995 vimm
766 948 826 1015 pro
848 924 1011 1015 dignitate
1035 923 1204 1010 laudaret.

182 1041 293 1111 Cessit
305 1042 364 1113 ille
378 1042 470 1115 oneri
490 1040 613 1131 pariter
627 1056 662 1109 et
682 1040 797 1111 honori
810 1088 820 1107 .
833 1041 881 1110 Ut
899 1037 1073 1109 inserviret
1093 1054 1206 1109 tamen

181 1152 273 1224 laudi
299 1154 499 1246 amplissimi
519 1152 746 1237 Maecenatis,
775 1152 828 1226 oui
848 1175 885 1225 ae
904 1153 1052 1237 maxime
1082 1153 1205 1223 obstri-

187 1283 278 1337 ctum
297 1283 450 1353 noverat,
472 1265 666 1357 opuseulum
681 1264 789 1335 edidit
802 1265 1061 1355 pulcherrimum
1080 1264 1123 1335 de
1140 1266 1207 1336 elo-

155 1436 157 1441 *
184 1385 321 1477 quentia
349 1384 457 1456 Marci
484 1383 684 1467 Foscareni‚
713 1382 889 1473 nepotibus
916 1383 1007 1453 illius
1039 1382 1205 1454 dicatum.

187 1504 359 1573 Postremo
384 1502 555 1575 instructis
579 1502 752 1593 magnifice
770 1526 789 1573 n
809 1500 978 1593 republica
1006 1517 1124 1571 veneta
1151 1524 1208 1591 pa·

186 1614 367 1687 ramalibus
391 1616 519 1707 Angelo
537 1620 621 1685 Eme
650 1613 698 1685 rei
716 1615 869 1687 nauticae
887 1613 1097 1684 instauratori
1108 1666 1120 1698 ,
1146 1614 1208 1683 de-

186 1730 333 1820 poscitur
350 1748 458 1803 orator
472 1732 627 1804 Clemens
636 1782 647 1816 ,
667 1729 709 1801 ad
728 1728 836 1824 majus
855 1742 1084 1813 omameoturn
1104 1744 1138 1799 et
1152 1728 1209 1799 dc·

186 1870 244 1919 cua
263 1849 406 1921 funeris.
426 1850 493 1925 Sed
512 1852 570 1923 illo
590 1849 766 1941 splendido
785 1849 898 1921 oblato
921 1846 1050 1922 muneri
1069 1870 1105 1919 ae
1132 1846 1210 1919 sub-

185 1969 309 2057 traxit3
335 1968 471 2041 forsitan
496 1970 583 2063 quod
602 1986 709 2041 aetate
728 1970 871 2039 nimium
891 1990 1081 2059 progressus
1098 1980 1206 2041 unct.

184 2081 338 2154 Decessit
356 2084 447 2169 euim
467 2108 531 2153 noo
552 2084 656 2155 multo
677 2099 770 2173 post.

232 2195 279 2263 Ut
306 2212 343 2265 ut
369 2212 481 2265 tannen
510 2218 562 2263 res
589 2195 652 2277 sit,
677 2209 765 2263 certe
785 2213 908 2283 magna
925 2207 997 2261 erat
1014 2188 1086 2285 ejus
1110 2216 1209 2282 paue-

185 2309 329 2381 stantiae
356 2310 469 2400 opinio
497 2311 585 2399 apud
614 2310 701 2379 virus
730 2308 833 2379 etiam
861 2308 1044 2380 litteratos.
1071 2287 1209 2381 Nimius

187 2448 311 2515 essem,
330 2428 359 2497 si
380 2428 500 2502 vellem
519 2428 665 2521 singulos
683 2428 873 2499 nominare.
894 2427 1014 2519 Neque
1035 2426 1126 2497 enim
1144 2424 1209 2499 urs

187 2542 231 2613 ab
250 2543 293 2635 iis¹
314 2545 542 2622 tantummodo
572 2548 684 2639 magni
712 2544 816 2619 laetus
827 2599 838 2632 ,
856 2571 938 2638 quos
956 2546 1063 2617 socios
1091 2544 1211 2620 habuit

152 2644 161 2663 ⁸
187 2681 263 2729 cum
278 2659 313 2727 in
330 2661 531 2747 Academia,
548 2678 617 2733 tum
633 2662 668 2733 in
684 2662 819 2753 publico
833 2661 990 2752 patavino
1003 2661 1225 2751 Gymnesios

189 2773 365 2865 praecipue
386 2800 405 2849 a
423 2776 475 2847 Cl.
495 2777 666 2847 Gesarotto
693 2773 975 2848 ineruditissimo
1000 2775 1142 2866 epistola
1166 2778 1209 2849 ad

187 2892 355 2965 Deninanr
375 2895 452 2986 (1);
469 2896 528 2967 sed
545 2920 568 2969 a
586 2896 721 2969 remotis
740 2895 859 2980 mium,
876 2910 913 2965 et
926 2894 1068 2969 exteris.
1089 2895 1131 2963 Ιι
1153 2894 1212 2967 nis

188 3026 361 3081 occurrunt
390 3012 606 3097 liettinellus,
634 3012 813 3097 Salandcr,
836 3011 1009 3098 Tetellus,
1028 3010 1073 3081 ab
1095 3010 1211 3083 adole·
1239 3063 1242 3069 ,

189 3128 313 3200 scentia
344 3128 454 3201 eidem
488 3131 648 3223 singulari
675 3132 826 3207 amicitia
849 3130 997 3224 junctus.
1023 3131 1213 3204 Occumut·

190 3240 335 3327 Mattei,
363 3244 505 3327 Andros,
525 3244 743 3336 Albcrgatus‚
761 3243 963 3320 Paestanum
974 3296 984 3329 ‚
1003 3242 1208 3329 Fubronius,
1272 3288 1280 3302 =

189 3381 305 3429 omncs
335 3358 519 3431 litterarum
546 3363 649 3454 gloria
667 3380 890 3453 praestantes.
911 3361 974 3435 His
993 3360 1079 3434 adde
1104 3361 1208 3454 Alga-

187 3492 313 3547 rottum
332 3493 366 3547 et
393 3480 574 3549 Antonium
592 3482 635 3551 de
658 3481 865 3566 Comitibus,
887 3480 930 3553 du
947 3477 1068 3571 quibus
1088 3496 1211 3556 mese.

192 3590 237 3659 lli
256 3589 403 3662 Sibiliati
423 3590 565 3663 lautores
582 3590 673 3663 fuere
682 3646 693 3680 ,
711 3616 790 3686 prae
803 3593 921 3664 ceteris
938 3592 1138 3681 Fabroniuu,
1155 3616 1210 3665 cus

536 3798 743 3831 mmmmm
745 3794 868 3831 mm

232 3969 284 4049 (ι)
305 3968 375 4053 Pag.
395 3966 443 4033 65.
464 3982 579 4056 11119.
