3259 4959
733 626 737 635 .
844 567 1006 643 VITA

573 799 814 911 moron
851 742 1282 911 Forentum

459 1522 657 1698 AEgidius
667 1598 871 1672 Foroellinuo
884 1597 1024 1670 honesto
1033 1618 1152 1692 genere
1164 1616 1261 1673 nutus
1271 1617 1325 1673 eet
1333 1606 1453 1694 Phae-

412 1722 508 1806 neri,
535 1715 695 1787 dioecesis
723 1708 822 1809 hujus
841 1712 1014 1805 paroecia,
1033 1737 1135 1806 prope
1158 1716 1260 1810 Alpes
1282 1722 1469 1812 noricae„

410 1862 477 1910 non
498 1838 594 1926 longe
613 1830 661 1901 ab'
674 1825 1027 1917 urberettrienstyn
1044 1829 1117 1898 Cal.
1133 1828 1342 1922 Septembris
1360 1860 1446 1910 nnn.

413 1952 512 2025 1638.
541 1948 619 2019 Non
650 1960 720 2015 tam
750 1944 816 2013 cito
841 1956 994 2033 parentes
1021 1965 1096 2013 oum
1126 1944 1346 2020 erudiendum
1382 1976 1448 2024 ou-

413 2085 526 2141 rnrunt
545 2120 556 2153 ,
576 2064 712 2135 sortasse
730 2062 891 2156 prohibiti
915 2086 1024 2133 rorum
1053 2062 1305 2135 domestionmm
1331 2092 1447 2163 ungu.

409 2184 484 2259 eriis
503 2184 577 2277 (t).
597 2181 697 2251 lllum
724 2177 816 2248 enim
843 2192 1031 2268 cooptatum
1059 2177 1156 2249 video
1182 2178 1219 2249 in
1244 2198 1441 2260 nostrorum

762 2366 1093 2397 ΜΜΜΜ

453 2514 504 2597 (ι)
514 2510 676 2573 Hubertum
688 2510 809 2573 Joonnis
832 2510 924 2571 filium
943 2523 1076 2593 patmum
1086 2508 1218 2592 AEgidius
1230 2508 1335 2573 hebuit
1346 2513 1440 2576 Cum.

412 2618 446 2705 pi
468 2628 586 2677 notun.
609 2614 666 2673 Hic
693 2625 775 2673 sexto
800 2632 834 2671 ne
855 2610 965 2671 decimo
985 2613 1087 2672 oetntis
1106 2634 1205 2689 anno,
1223 2616 1335 2677 saeculi
1367 2638 1440 2679 vem

414 2720 508 2785 xvlt
528 2722 627 2799 quinto
646 2737 680 2777 no
700 2714 909 2797 septuagesimo
926 2714 957 2773 iu
977 2714 1144 2797 patavinum
1167 2717 1362 2781 Seminarium
1388 2720 1444 2782 nd·

410 2828 514 2889 misem
534 2840 578 2888 est
598 2824 701 2886 litteris
725 2823 918 2884 excolendus.
934 2824 1075 2885 Eundem
1094 2825 1169 2885 iuter
1190 2824 1314 2889 Oblntos
1337 2840 1442 2913 postes

411 2933 585 3015 descriptum
603 2930 747 3005 video‚in
760 2949 880 3009 quemn
894 2928 1024 2989 ordinem
1043 2930 1066 2989 ii
1085 2942 1196 2993 tantum
1215 2930 1441 3011 referebantur,

413 3040 462 3123 qui
481 3059 548 3122 prae
567 3036 631 3097 aliis
656 3057 687 3097 se
707 3034 937 3096 commendarent
963 3056 1023 3095 non
1042 3034 1193 3116 disciplina
1213 3037 1329 3113 miuus,
1351 3058 1441 3118 quarn

412 3144 533 3209 scientis
546 3145 596 3223 (o)
607 3187 614 3202 .
627 3142 756 3221 Utraque
775 3160 840 3201 eum
855 3141 1029 3221 praestitisse
1048 3140 1201 3225 plurimum
1220 3136 1294 3199 ittud
1322 3138 1439 3203 indicio

413 3262 473 3325 est,
494 3245 571 3329 quod
590 3242 802 3327 acceptissimus
822 3243 908 3305 fuerit
928 3245 962 3305 B.
983 3242 1124 3325 Gregorio
1144 3240 1320 3315 Barbodioo,
1340 3242 1437 3325 Segu-

409 3358 503 3419 sinum
523 3367 588 3439 post
607 3354 644 3415 ab
664 3352 764 3414 eodem
790 3349 894 3413 missus
921 3349 960 3411 nd
986 3350 1143 3409 animarum
1166 3347 1281 3409 iliarum
1306 3348 1439 3429 reginen

411 3462 623 3542 duodetriginta
642 3482 733 3523 anuos
756 3474 854 3521 nume.
874 3458 1022 3523 Judioium
1040 3456 1113 3519 tanti
1133 3454 1272 3540 praesulis
1299 3452 1438 3537 probavit

413 3588 478 3629 oum
502 3567 649 3648 integritus
670 3564 731 3645 ejus
753 3564 851 3640 vitre,
871 3578 930 3625 turn
948 3560 1092 3623 indefessa
1110 3556 1208 3620 traditi
1230 3556 1322 3639 gregis
1345 3570 1439 3619 ouras

411 3673 515 3733 Factus
536 3672 611 3729 enirn
628 3670 653 3730 ie
673 3690 708 3728 ex
728 3670 822 3729 animo
840 3665 968 3748 ejusdem
984 3666 1093 3738 forma,
1107 3684 1171 3723 euru
1186 3660 1274 3721 verbo
1292 3671 1321 3718 et
1341 3675 1435 3717 exem-

410 3774 461 3861 plo
479 3793 595 3858 poscere
623 3792 776 3853 numquam
800 3770 911 3830 destitit
929 3790 981 3850 per
1005 3785 1095 3826 annos
1118 3758 1322 3850 propemodum
1347 3756 1435 3843 quim,

446 3976 1025 4059 ptnesemtnuttobtuuvtomts
