3259 4959
1190 363 1240 415 XV

220 508 285 577 qua
303 480 494 568 eminebat,
512 502 579 551 non
608 478 639 549 ei
664 489 840 551 commune
857 488 933 549 euni
954 462 1092 565 ceteris,
1112 476 1171 549 sed
1196 503 1235 549 o-

220 598 333 669 mnino
351 596 518 689 proprium
532 595 765 685 appellaveris.
784 599 904 665 Annon
920 618 972 663 ars
992 610 1025 663 et
1042 586 1162 683 peritia
1177 618 1233 664 er-

222 710 380 807 pingendi
398 714 599 785 inconsultos
625 716 732 785 mores*
751 725 785 785 et
801 712 948 785 insanias
968 711 1142 783 hominum
1159 737 1235 783 cum

221 832 334 902 crebra
352 848 386 901 et
405 838 517 923 arguta
536 818 762 918 incusatione,
782 818 796 918 l
816 825 996 900 eratenim
1015 827 1140 920 ingenii
1169 829 1234 899 ali-

216 966 376 1041 quantum
396 937 664 1034 effervescentis,
680 948 739 1019 sed
758 946 917 1041 religione
936 938 1059 1019 molliti
1079 971 1117 1018 ac
1133 947 1234 1019 suba-

218 1069 289 1161 cti)
307 1071 490 1141 amoenitas
501 1058 685 1161 imaginum
697 1122 707 1157 ,
719 1070 852 1141 utilium
871 1083 1119 1161 praeceptorum
1139 1069 1233 1141 uber-

217 1197 268 1253 tas
286 1183 417 1255 condita
436 1204 551 1275 sapore
571 1186 714 1275 quodam
735 1184 875 1277 purioris
893 1184 1069 1255 latinitatis
1089 1185 1232 1279 ejusmo«

220 1300 256 1371 di
275 1318 369 1387 sunt,
389 1320 425 1373 ut
443 1294 590 1395 lepidam
610 1296 719 1373 Plauti
740 1314 773 1373 et
791 1294 920 1373 Horatii
941 1317 1146 1373 venustatem
1162 1326 1235 1394 prc-

217 1415 309 1485 1ime
328 1417 518 1509 attingant?

307 1560 326 1597 n
349 1532 400 1601 Ite
418 1530 498 1601 ltine

212 1645 229 1734 (
237 1642 285 1715 sic
299 1642 357 1715 ille
379 1662 472 1739 urget
485 1670 524 1717 ac
545 1646 693 1717 vulnerat
711 1644 850 1716 ridicule
864 1644 969 1715 malos
983 1646 1229 1737 typographos)

306 1791 325 1827 o
348 1762 398 1831 lte
417 1759 515 1847 hinc,
534 1778 615 1854 quot
633 1760 732 1849 estis,
751 1759 898 1851 pessumi
918 1760 1136 1853 typographi,

303 1906 323 1942 n
346 1874 435 1964 Quot
452 1876 553 1963 estis,
573 1875 729 1969 inquam,
748 1900 805 1945 vos
826 1873 1036 1959 abecedarii,

304 2023 324 2061 s
346 1996 412 2084 Qui
433 1995 670 2083 dormitantes,
689 1996 743 2066 vel
762 1995 933 2065 studentes
951 1994 1049 2064 onice

304 2135 323 2173 a
345 2110 464 2179 Parare
484 2108 632 2193 victum,
650 2108 790 2201 perditis
809 2107 997 2179 volumina.

303 2256 322 2291 a
349 2226 475 2297 Videte
494 2226 642 2297 tamdem
652 2278 663 2310 ,
681 2248 763 2315 quos
781 2226 819 2291 in
837 2227 952 2315 vulgus
970 2225 1157 2316 proferant,-

306 2364 325 2401 υ
344 2336 532 2428 Qualesque
551 2332 672 2407 libros!
695 2320 894 2431 perpusillae
913 2336 1063 2425 litterae,

212 2434 216 2443 ’
304 2480 323 2515 o
345 2450 389 2522 Se
407 2474 508 2542 seque
526 2448 706 2535 scandunt,
722 2472 804 2541 puta
823 2472 943 2542 nempe
962 2470 1108 2545 potaque

303 2590 323 2625 o
344 2560 568 2633 Formicarum
589 2564 740 2654 agmina:
760 2562 952 2654 implicatae
971 2564 1098 2657 lineae,

303 2710 322 2745 a
346 2680 419 2753 Nec
439 2680 538 2753 verba
558 2676 675 2775 spatiis
693 2676 848 2775 separant
866 2672 1082 2771 vacamibus,

307 2830 326 2866 n
345 2801 418 2873 Nec
437 2814 530 2893 parte
549 2797 678 2873 abolla
697 2798 908 2873 continentur
924 2805 1096 2895 marginc3

302 2944 322 2982 n
343 2916 485 3010 Exleges
503 2930 635 3003 errant3
654 2928 775 3011 puncta
795 2917 886 2989 nulla
905 2935 939 2989 et
955 2936 1142 3017 coniurata,⁸

301 3054 321 3097 a
345 3030 505 3123 Nullique
525 3042 703 3103 accentuss
721 3032 784 3103 hac
803 3046 837 3103 et
855 3034 932 3104 illac
951 3036 1086 3130 insuper
1129 3028 1134 3041 ¹

300 3174 321 3211 s
343 3144 548 3241 Spargentur
566 3162 655 3217 atrae
675 3147 820 3241 guttulae
839 3142 1005 3241 fuliginis.

300 3292 320 3331 a
342 3264 478 3337 Sursum
498 3267 672 3355 deorsum,
692 3290 823 3359 quaqua
841 3288 952 3339 versus
970 3271 1118 3361 pessumi

302 3410 322 3449 a
343 3386 492 3457 Trahunt
512 3387 678 3475 insontes,
699 3388 950 3481 distralruntque
968 3386 1116 3465 litteras.

300 3529 321 3565 o
342 3498 464 3573 Pronas
483 3502 619 3595 supinas
636 3500 762 3574 faciunt
771 3556 782 3591 ,
802 3520 837 3574 et
854 3504 969 3597 longas
987 3504 1127 3596 breves3

297 3648 318 3685 s
340 3620 435 3691 Hanc
450 3620 509 3693 illa
527 3639 676 3694 mutant:
697 3622 776 3694 hinc
795 3646 880 3694 noro
898 3624 1059 3695 miraculo

302 3762 321 3798 o
343 3736 397 3805 Fit
412 3758 524 3806 servus
541 3760 679 3827 cervus3
698 3762 787 3811 nunc
806 3739 959 3811 earndem
978 3738 1172 3855 duplicans,

299 3875 318 3915 a
340 3848 425 3942 Ager
442 3852 478 3924 lit
495 3878 600 3945 agger
605 3878 622 3935 ,·
641 3852 778 3927 alteram
798 3878 886 3925 nunc
904 3856 1079 3943 inserunt,
1159 3864 1182 3942 l

297 3996 318 4037 a
338 3968 419 4037 Aser
436 3972 473 4043 fit
489 3996 609 4061 ensem
628 3974 714 4053 hacc
732 3975 899 4050 velillum
920 3972 1138 4065 subtrahunt,
1206 4048 1212 4059 .
