3259 4959
486 387 570 438 vnn
592 387 731 440 roseum
750 385 934 440 rtarnom
1153 366 1219 442 551

207 519 273 578 uon
292 502 362 572 sine
383 503 529 574 maximo
548 501 652 594 ipsius
673 501 805 590 dolore,
820 519 852 574 et
871 499 994 600 jactura
1016 503 1172 595 temporis
1186 502 1229 576 ad

188 620 315 706 ‘etudia
335 643 470 710 prorsus
490 619 621 688 idonei.

257 739 366 826 Quare
391 735 566 805 consilium
596 733 673 804 iniit
699 757 734 824 ee
754 732 976 807 transferendi
999 737 1043 810 ad
1069 738 1231 812 exteriora

209 846 387 920 Seminarii
407 838 564 940 patavini
577 849 769 942 gymnasia,
789 851 846 919 ubi
874 851 1022 942 eiusdem
1051 849 1228 924 seminarii

207 953 355 1054 magistri
376 961 585 1032 accedentem
608 964 649 1031 ad
668 989 703 1030 se
724 961 927 1054 iuventutem
949 989 987 1033 ea
1007 965 1105 1055 plane
1128 969 1232 1036 ratio-

206 1106 248 1168 ne
267 1053 467 1168 instititnnt,
487 1107 551 1172 qna
575 1082 797 1152 Seminarium
818 1081 928 1174 ipsum
949 1083 1109 1153 Alumnos
1134 1108 1229 1156 suos.
1276 1098 1279 1103 '

207 1195 294 1264 Tum
316 1219 390 1266 vero
408 1192 532 1284 Joseplr
554 1193 697 1284 plurima
708 1243 718 1280 ,
738 1218 822 1288 quae
838 1220 858 1264 a
877 1212 992 1264 natura
1011 1197 1143 1268 sortitus
1164 1195 1232 1266 fue-

209 1332 284 1401 rat,
305 1313 534 1406 progrediendi
572 1313 756 1406 praesidia,
777 1339 835 1387 sua
863 1339 928 1384 non
947 1337 1062 1406 parum
1082 1317 1175 1386 auxit
1200 1331 1234 1388 et

211 1431 368 1500 excitarit
387 1429 572 1500 industria.
593 1433 736 1502 Graecas
756 1433 940 1524 latinosque
959 1433 1087 1502 litteras
1106 1432 1233 1526 impen-

211 1573 247 1622 ee
263 1549 380 1639 coluit,
410 1552 451 1620 ad
481 1551 561 1621 artis
591 1551 738 1642 poeticae
758 1565 791 1622 et
811 1552 972 1622 oratoriae
992 1549 1125 1622 laudeni
1153 1575 1232 1620 eon·

213 1669 318 1741 tendit
337 1669 467 1740 assiduo
480 1696 540 1740 usu
568 1687 601 1740 et
620 1669 807 1740 imitatione
826 1670 1023 1761 scriptorum
1044 1669 1233 1759 inutraque

209 1809 288 1878 prae
301 1789 418 1858 ceteris
437 1790 670 1860 excellentium
681 1839 690 1856 .
701 1791 762 1862 Hie
777 1789 979 1860 accedebant
996 1792 1230 1881 magistrorum

214 1899 487 1992 adhortationes,
520 1903 687 1972 eminendi
716 1904 841 1989 ardor,
868 1900 1015 1973 studium
1043 1903 1232 1976 aemulandi

214 2020 366 2110 exempla
387 2046 533 2113 quaeque
554 2023 732 2114 pulcriora.
754 2025 881 2111 Magna
905 2040 1077 2111 propterea
1105 2021 1233 2114 juvenis

214 2140 432 2229 exspectatio,
452 2138 544 2233 eujus
576 2164 765 2231 progressus
795 2156 939 2208 aetatem
956 2140 1062 2230 ipsine
1081 2153 1234 2212 antever.

211 2268 315 2328 terat.

261 2373 369 2459 Atque
388 2369 450 2436 hoo
466 2366 622 2436 nimirum
640 2366 674 2436 in
692 2391 790 2438 causa
810 2363 888 2453 tuit,
900 2392 961 2438 cur
975 2367 1119 2440 Joannee
1137 2372 1236 2444 Fran·

214 2483 321 2574 uiscus
340 2480 528 2550 Cardinalis
557 2481 754 2550 Barhadicus
782 2481 956 2572 episcopus
987 2483 1162 2572 patavinus
1188 2481 1234 2557 ad

204 2597 388 2678 interiores
413 2593 589 2668 seminarii
611 2595 739 2664 scholas
760 2595 886 2666 aditum
905 2596 968 2685 ipsi
989 2614 1102 2687 patere
1128 2598 1234 2695 jusse-

216 2714 279 2786 rit.
300 2713 418 2804 Neque
437 2714 527 2781 enim
562 2711 619 2782 ille
631 2765 641 2798 ‚
661 2728 695 2780 ut
714 2712 808 2786 initio
829 2713 962 2800 monui,
980 2714 1158 2806 seminarii
1188 2718 1236 2789 A·

213 2827 337 2900 lumnis
357 2830 539 2921 adscriptus
574 2847 644 2900 erat
656 2881 666 2916 ‚
686 2831 744 2900 sed
764 2830 854 2902 dorni
884 2856 961 2902 curu
989 2830 1059 2902 suis
1081 2831 1234 2906 vivebat.

215 2941 295 3020 Jam
316 2969 392 3014 vero
413 2946 476 3015 huc
497 2945 587 3014 idern
607 2944 754 3036 quetidie
774 2945 940 3016 ventitans
959 2944 1126 3016 rhetorum
1146 2970 1240 3038 prae·

217 3061 385 3151 ceptioues
416 3064 547 3154 excepit
571 3063 613 3132 ab
632 3066 777 3136 Antonio
794 3063 906 3136 Judici
934 3063 985 3158 (ι)
1003 3062 1073 3134 viro
1097 3063 1240 3136 clariosi-

215 3196 274 3250 mo
289 3194 322 3248 et
341 3179 383 3248 ad
399 3178 600 3252 rhetoricam
628 3182 726 3274 plane
746 3178 833 3252 facto
850 3236 858 3251 .
878 3183 991 3254 Facile
1013 3182 1239 3275 unusquisque

217 3289 394 3380 intelligit,
419 3312 558 3383 quantus
579 3296 628 3366 itti
659 3297 807 3366 discendi
830 3279 985 3368 ardor'ex
1011 3295 1117 3387 ipsius
1136 3297 1240 3388 magi·

218 3408 278 3480 etri
300 3413 500 3499 praestantia
519 3417 713 3499 accesserit,
728 3416 784 3507 qui
806 3431 840 3488 et
859 3430 956 3486 antea
975 3413 1165 3508 huiuamodi
1185 3439 1241 3488 cu·

217 3522 358 3616 piditate
378 3525 563 3616 flagrabat.

229 3701 231 3706 .
267 3637 447 3729 Aliquanto
467 3654 543 3729 post
560 3662 601 3708 ex
629 3637 827 3712 scholastica
854 3639 1031 3714 Seminarii
1061 3640 1240 3734 disciplina

570 3845 652 3873 m
653 3847 859 3876 ΜΜΜΜΜ
860 3849 900 3878 Μ

230 4055 237 4080 .
264 4009 313 4090 (ι)
334 4007 414 4078 vide
433 4010 494 4093 ejus
516 4011 604 4102 ritem
619 4033 686 4098 pap.
707 4013 774 4088 25&
