3259 4959
471 429 581 481 ursam
601 426 752 476 annona
772 427 978 478 ronctnmm
1140 402 1142 406 ’
1166 406 1235 502 5²7

220 553 282 632 tous
302 579 399 625 manu
420 555 564 646 scripta,
582 551 641 621 sed
658 551 844 619 inordinata
865 569 898 619 et
917 548 1089 619 informia.
1110 551 1236 643 Coepe-

221 691 296 746 runt
315 674 425 764 itaque
449 674 597 764 dispersa
617 670 793 761 colligere,
813 689 847 739 et
865 671 1013 739 ordinate
1041 685 1236 758 contexerc;

220 789 330 872 varia,
350 811 433 878 quae
451 785 634 856 identidem
651 785 882 869 occurrebant,
896 784 1043 877 ejusdem
1061 785 1108 854 rei
1128 809 1239 854 exem-

221 900 326 995 pluria
346 900 432 968 inter
450 921 485 967 se
504 921 700 989 componere
710 950 720 982 ,
737 914 771 966 et
785 921 843 980 ea,
857 919 940 989 quae
957 896 1104 966 melioris
1120 914 1237 984 notae,

221 1037 408 1098 secernere3
429 1013 605 1102 depravata
624 1010 666 1079 ab
686 1012 745 1092 iis,
765 1012 822 1101 qui
843 1011 1014 1080 ediderant
1034 1011 1151 1080 eadem
1181 1033 1240 1078 un-

220 1143 273 1210 te,
287 1129 479 1212 emendare3
490 1141 640 1214 corrupta
657 1126 824 1193 restituere
841 1141 874 1193 et
887 1123 1037 1195 revocare
1050 1125 1092 1193 ad
1109 1125 1239 1193 harmo-

218 1243 455 1329 niam3breves
475 1241 701 1311 annotationes
720 1241 909 1334 adjungere,
921 1241 1033 1310 omnia
1050 1243 1183 1312 demum
1196 1239 1239 1312 nd

220 1379 343 1426 norum
362 1356 591 1446 splendorem,
606 1370 640 1423 et
658 1355 762 1422 multo
780 1352 962 1422 faciliorem
982 1356 1236 1445 intelligentiam

222 1474 513 1547 traducere.Duas
534 1489 700 1564 praetcrea
719 1472 796 1542 huic
810 1473 949 1540 editioni
966 1473 1122 1563 epistolas
1143 1496 1239 1562 prae·

221 1588 362 1674 miscte3
375 1579 518 1657 elteratn
539 1589 580 1657 ad
593 1587 762 1656 civitatem
782 1587 992 1678 patavinum,
1008 1588 1143 1678 ejusque
1162 1603 1240 1679 quai

223 1703 401 1789 tuorriros;
428 1705 566 1774 alteram
586 1702 629 1770 ad
656 1701 838 1774 Antonium
860 1700 901 1769 de
922 1701 1111 1772 Comitibus
1128 1685 1236 1772 virrun

224 1820 503 1891 litteratissimum
519 1821 655 1910 Speroni
675 1819 849 1890 heredem.

271 1936 357 2004 Hinc
376 1937 597 2030 unusquisque
617 1933 795 2023 intelligit,
816 1949 938 2026 quanta
957 1934 1002 2004 sit
1021 1933 1138 2002 horum
1159 1935 1242 2004 rim-

225 2072 297 2126 rum
316 2054 408 2138 latis,
427 2077 486 2144 per
513 2079 594 2146 quos
623 2053 804 2141 speronius
837 2051 925 2118 visus
945 2069 995 2118 est
1023 2051 1241 2142 quodammo-

226 2168 268 2235 do
296 2169 490 2236 reviviscere
518 2167 582 2234 duo
613 2164 850 2251 propemodum
882 2178 955 2252 post
973 2165 1124 2248 saecula,
1144 2183 1177 2233 et
1205 2168 1240 2233 in

226 2283 325 2355 totius
345 2285 461 2351 Italiae
480 2284 552 2352 luce
572 2281 709 2352 versari.
731 2284 782 2348 De
802 2281 924 2352 iisdem
945 2282 1049 2352 multa
1072 2303 1147 2350 cum
1174 2284 1243 2352 lau·

226 2399 268 2469 rie
288 2401 539 2490 ephemeridem
559 2399 608 2468 rei
630 2399 808 2469 litterariae
829 2399 1005 2490 scriptores
1024 2399 1090 2490 (t).

229 2543 234 2550 ·
272 2520 391 2610 Neque
407 2519 515 2588 minus
529 2519 683 2590 litteratis
700 2517 779 2587 viris
798 2517 909 2590 arrisit
927 2518 1043 2590 italum
1059 2541 1175 2607 poema
1187 2521 1241 2611 (2)

225 2633 395 2724 utriusque
413 2631 575 2702 industria
594 2631 776 2703 conlectum
789 2685 799 2717 ,
814 2651 847 2700 et
869 2657 944 2702 ann.
968 2632 1053 2723 1745
1073 2633 1243 2725 vulgatum

227 2744 263 2818 in
285 2746 409 2838 nu'ptiis
430 2747 689 2815 Catharinaede
706 2746 842 2815 Bellatis
867 2743 1031 2816 feltrensis
1052 2749 1242 2820 comitissae

227 2889 302 2933 cum
324 2866 475 2957 Josepho
488 2889 529 2934 ex
546 2865 649 2934 nobili
682 2863 885 2958 forojuliensi
906 2864 1034 2936 familia
1050 2866 1092 2936 de
1108 2857 1242 2939 Porcia.

227 2987 385 3054 Auctores
404 2985 439 3053 in
459 3008 499 3054 eo
517 2985 696 3080 ‘condendo
725 2985 844 3057 alterni
872 2985 1059 3056 cecinerant
1078 2987 1171 3076 quasi
1199 3011 1242 3057 ert

225 3115 395 3189 tempore.
418 3100 489 3169 Nec
510 3115 620 3169 tamen
640 3101 751 3191 ipsum
779 3102 942 3194 ejusmodi
962 3120 1033 3187 est,
1053 3119 1090 3170 ut
1108 3128 1127 3172 a
1148 3103 1241 3174 dno.

227 3215 289 3292 ltus
309 3218 457 3288 videatur
476 3243 546 3289 csse
567 3217 746 3314 perfectum
758 3273 766 3288 .
778 3223 871 3292 Unus
889 3221 1044 3315 idemque
1060 3221 1187 3292 scilicet
1200 3239 1245 3292 to·

572 3448 903 3479 ΜΜΜΜΜΜΜΜ

271 3614 321 3692 (1)
342 3615 385 3674 Le
404 3611 528 3675 Notclle
549 3612 627 3674 della
646 3613 767 3699 repulsit.
788 3616 933 3680 letteraric
951 3637 1004 3701 per
1026 3617 1142 3684 l’auuo
1167 3626 1242 3704 1740

228 3735 296 3802 pag.
319 3723 387 3794 249.

272 3816 321 3895 (2)
346 3818 395 3878 Sic
426 3816 592 3900 inscriptum
615 3841 621 3882 t
648 3820 738 3879 Canti
765 3821 800 3881 dt
827 3821 926 3882 Natat
951 3824 1034 3886 datte
1054 3826 1185 3888 Lastee
1212 3829 1245 3888 dt
1322 3881 1325 3888 .

231 3917 341 3980 Marco
356 3919 518 3978 Forcellini
531 3943 588 4005 per
607 3925 636 3982 le
667 3945 756 3986 nosse
787 3925 872 3987 delia
898 3940 1028 3990 contessa
1055 3932 1171 3992 Bellatt'
1197 3935 1244 3994 cot

230 4036 314 4090 conte
330 4024 464 4092 Porcia.
1035 4045 1085 4098 a*
