3259 4959
219 513 283 569 Μ
298 488 485 566 semlfflffi
503 484 685 580 P¹⁸0f0⁰llr
702 482 761 577 (tul
788 477 898 558 fuerat
914 485 951 558 in
969 486 1124 579 patavino
1140 487 1237 562 'edri-

64 624 70 632 '
218 629 335 697 mma,
350 627 489 702 sperant
507 623 681 699 propterea
696 603 860 698 quidquid
875 601 988 678 eidem
1006 607 1143 698 posthac
1166 631 1241 684 ω.
1313 635 1320 647 -

217 746 332 796 urrurn
351 745 505 816 prospere
527 723 601 814 (ι).
612 721 708 790 Alina·
723 721 828 790 etiam
849 715 959 810 plurer
971 717 1091 794 Italiae
1105 723 1237 814 epiaer.

218 831 680 934 poahineoppormnntvirne
695 831 740 902 ad
762 853 799 902 te
819 831 977 904 invitasse
999 833 1189 924 comperio,
1202 847 1241 908 nt

218 959 273 1030 hio
292 955 522 1052 adjuvantibus
548 951 585 1022 in
607 973 669 1022 aua
684 951 827 1044 quisque
845 945 990 1024 dioecesi
1007 951 1233 1024 Seminarium

217 1091 307 1146 recte
333 1066 542 1144 institueret.
564 1069 698 1141 Horum
724 1069 809 1138 alios
831 1068 955 1140 adiisse
984 1063 1156 1142 Vicetiatu
1184 1072 1238 1142 vi·

217 1191 303 1284 deo,
321 1188 490 1264 Veronam
509 1189 612 1273 alios,
629 1189 714 1260 aliea
729 1185 971 1274 Concordiam,
990 1186 1169 1271 Feltriarn,
1185 1189 1235 1264 A.

217 1311 397 1398 riminum,
417 1313 570 1380 Mentem
584 1307 812 1393 Faliscorum,
834 1304 952 1380 horum
976 1309 1098 1399 partim
1130 1309 1234 1380 disci.

218 1430 321 1524 plinio
341 1421 510 1500 tradendis
526 1450 664 1522 operam
681 1426 814 1496 daturos
824 1477 835 1512 ‚
855 1425 977 1518 partim
997 1428 1148 1521 regendis
1162 1453 1237 1501 mo·

222 1547 331 1622 ribus.
351 1542 444 1619 Milri
461 1544 544 1618 haec
561 1543 709 1617 narranti
734 1557 910 1616 occurrunt
936 1543 1141 1633 Taurinum,
1166 1549 1236 1619 lio-

220 1683 284 1734 tna·
292 1680 326 1734 et
342 1663 409 1733 alia
421 1661 493 1734 loca
512 1659 674 1754 plurima,
694 1655 752 1728 ubi
772 1683 838 1728 non
857 1655 973 1749 pauci,
986 1657 1042 1750 qui
1065 1661 1234 1752 quondam

218 1777 397 1850 Seminarii
416 1778 514 1874 hujus
532 1775 681 1860 alumni,
699 1797 820 1867 magna
840 1775 874 1844 in
894 1775 968 1846 luce
987 1777 1107 1848 versati
1131 1793 1230 1848 aunt.

264 1891 437 1963 Cardinali
455 1885 618 1984 Nigrnnio
639 1884 763 1959 nolenti
778 1891 908 1960 Romae
924 1889 1103 1984 collegium
1118 1895 1237 1963 conde-

213 2031 252 2080 re
269 2033 313 2080 ex
330 2006 553 2082 sacerdotibus
585 2023 760 2092 constane,
787 2005 968 2099 promicant
986 2008 1093 2080 luerat
1114 2010 1232 2082 rrereio

213 2123 290 2216 quie
316 2119 494 2197 Seminarii
521 2120 671 2216 patavini
699 2121 876 2212 disciplina
896 2123 1082 2194 institutus.
1111 2123 1232 2196 obit

213 2239 275 2314 ille
293 2243 421 2313 laetitia
442 2238 586 2333 gestiens
603 2239 745 2334 ingenue
771 2251 910 2310 testatus
937 2257 988 2312 eat
1006 2240 1042 2310 in
1069 2242 1231 2333 epistola,

216 2383 256 2430 ae
276 2359 318 2430 de
335 2357 415 2445 hoc,
433 2375 601 2452 tamquam
619 2359 663 2430 de
680 2381 716 2429 re
742 2355 955 2445 felicissima,
974 2359 1127 2452 gratulmi
1155 2361 1231 2452 pln-

215 2477 340 2549 rimurn
359 2476 444 2566 ribi,
462 2502 539 2549 eum
558 2501 595 2550 ee
611 2495 803 2571 exspectare
826 2475 1038 2564 avidissime,
1058 2491 1229 2570 tamqnam

163 2688 167 2706 Ι
213 2593 380 2686 Angelum
400 2595 441 2664 de
458 2593 552 2665 eaelo
565 2593 705 2665 mireum
724 2593 779 2686 (a)
794 2593 889 2685 .1pse
905 2589 1008 2662 etiarn
1023 2589 1162 2664 Senatus
1171 2616 1230 2662 vo-

214 2723 311 2776 netur
323 2708 565 2782 deseminario
586 2705 743 2798 patavino
753 2705 934 2776 admodum
950 2706 1229 2782 honorificenter

214 2821 308 2894 enim
333 2823 530 2897 Seminariie
560 2824 637 2896 aliia
664 2826 818 2920 proponit
842 2825 936 2918 quasi
964 2825 1162 2918 exemplar.
1187 2826 1229 2898 ln

214 2933 348 3008 decreto
366 2991 377 3025 ,
394 2961 460 3029 quo
473 2939 774 3010 Concordienribua
807 2935 997 3012 facultatem
1014 2937 1153 3032 praebet
1170 2940 1232 3012 Se-

215 3053 349 3126 minarii
367 3054 541 3150 erigendi,
558 3055 643 3129 illud
662 3056 758 3154 jubet
777 3055 862 3153 erigi
889 3055 936 3130 ecl
952 3081 1104 3131 nemrorn
1127 3071 1228 3152 pota·

213 3168 283 3241 uini
301 3177 370 3266 (3).
389 3179 560 3249 Postremo
585 3179 810 3272 Hieronymus
833 3177 1039 3252 Gradnnicun
1062 3179 1228 3271 archiepi-

213 3308 334 3376 scopus
358 3288 518 3362 utinenria
536 3293 758 3364 Seminarium
786 3293 871 3364 illud
889 3293 1126 3385 amplificatum
1154 3319 1227 3364 ma-

214 3425 359 3496 gnopere
373 3405 478 3497 ipsius
496 3411 635 3500 pecunia
644 3436 730 3497 ,non
743 3413 851 3483 nolum
868 3411 996 3512 legibus
1006 3413 1050 3484 iia
1067 3413 1229 3502 inatituit,

555 3643 886 3674 ΜΜῚΜΜΜ

256 3781 307 3859 (ι)
328 3781 395 3845 Art.
416 3785 518 3849 Beatil'.
538 3785 582 3851 Τ.
601 3789 657 3855 IV.
674 3789 815 3852 Semnan.
835 3809 901 3874 pag.
918 3805 988 3853 ant.

252 3891 304 3966 (α)
325 3887 400 3950 ibid.
421 3893 464 3952 Τ.
483 3895 522 3955 ΙΙ.
536 3895 675 3959 Summar.
690 3917 757 3981 pag.
778 3917 848 3978 ²⁰9·
868 3908 898 3961 et
911 3899 954 3964 Τ.
966 3897 1021 3970 tv.
1036 3916 1101 3984 pag.
1113 3919 1184 3966 nat.

251 3991 303 4070 (ὅ)
322 3991 399 4058 ibid.
420 3995 463 4058 Τ.
486 3997 540 4064 IV.
559 4000 699 4067 Summar.
718 4021 785 4089 pag.
805 4003 876 4068 aad.
