3259 4959
417 337 484 436 370
882 350 966 412 vinti
1043 361 1047 368 '

465 485 597 572 Quanta
619 479 754 570 insuper
779 478 871 549 illius
899 465 1084 550 modestia!
1106 503 1191 570 quse
1210 497 1289 552 sane
1317 469 1354 553 in
1381 470 1461 554 iii-e

420 609 524 664 tereto
545 594 613 664 viro
629 591 789 663 difficilis.
806 596 853 664 Ut
867 595 957 662 enim
974 593 1114 686 quisine
1129 595 1274 666 maxime
1287 594 1450 670 doctriua

421 705 577 797 excellit,
608 713 656 782 ita
686 710 834 782 maxime·
861 712 932 783 uult
955 704 1060 783 videri
1089 703 1243 804 princeps
1266 717 1450 804 omnium,-

419 828 473 898 vel
493 825 601 918 potius
620 849 726 895 unus.
746 826 785 896 Id
810 826 962 894 uberate
982 823 1137 896 Bartholo
1152 851 1253 916 quom
1281 828 1442 921 longissi.

419 949 573 1026 me.2De
599 967 635 1014 se
661 943 770 1030 enim,
795 933 839 1014 (ie
864 946 932 1014 suis
952 944 1107 1036 operibus
1136 934 1444 1020 modestissime!⁴

302 1151 309 1160 ί
405 1061 581 1148 xrnesciiim'
603 1062 684 1134 miei
708 1053 793 1134 versi
815 1066 889 1157 (1).
922 1069 988 1134 Eos
1006 1062 1165 1133 nimirum
1185 1076 1297 1136 versus
1316 1063 1442 1138 intelli·

419 1179 492 1272 git,
519 1203 600 1271 quos
627 1178 760 1270 publice
784 1172 913 1248 recitari
939 1179 1080 1273 jusserat
1098 1195 1156 1248 rex
1174 1174 1371 1250 Emmanuel
1398 1181 1438 1252 in

418 1293 700 1385 splendidissimis
735 1285 795 1362 iiiii
825 1294 980 1383 nuptiis.
1009 1295 1098 1363 Usus
1124 1288 1242 1363 eadem
1270 1295 1438 1367 modestia

419 1408 543 1507 ioseph
569 1431 643 1484 cum
662 1436 794 1484 suerum
812 1413 1005 1523 opinionum
1031 1408 1327 1499 obtrectatoribus5
1351 1430 1439 1506 quos

409 1531 556 1614 minime
576 1528 735 1614 offendit,
748 1530 825 1597 licet
845 1528 963 1596 acriter
977 1527 1022 1594 ab
1039 1521 1091 1594 his
1112 1525 1234 1617 petitus
1244 1579 1254 1611 ,
1266 1543 1301 1595 et
1318 1527 1435 1597 illibe.

417 1647 529 1716 roiiter
557 1661 744 1736 exceptuss
772 1645 941 1715 Tuebator
969 1634 1105 1735 quidem
1134 1642 1314 1735 impense,
1342 1635 1434 1736 quoti

417 1784 477 1852 pro·
500 1779 588 1832 certo
607 1757 772 1851 habebat3
792 1765 862 1833 solu
882 1781 995 1832 tamen
1013 1763 1150 1833 rationis
1169 1751 1226 1849 vi,
1245 1787 1310 1831 non
1339 1787 1434 1832 acer-

415 1873 522 1950 bitate
543 1881 737 1953 verborum.
759 1883 901 1952 Putabat
921 1884 1063 1954 honesto
1095 1882 1234 1952 homine¹
1257 1882 1435 1974 indignum

418 2019 564 2109 pugnare
582 1991 700 2092 probro
718 2009 752 2070 et'
768 1996 988 2073 contumelio.

464 2115 657 2183 Amicorum
676 2115 842 2186 studiosus
861 2117 996 2187 eosdem
1017 2116 1136 2202 coluit,
1155 2121 1189 2186 et'
1219 2122 1330 2208 operta
1355 2141 1440 2207 quo-⁷

418 2251 482 2320 que
502 2229 664 2318 palaestra
685 2225 827 2299 erudiit«
848 2234 947 2321 Quae
978 2228 1125 2315 sciebat,
1149 2230 1250 2299 etiam
1283 2232 1324 2300 ad
1347 2232 1432 2300 aiio-

417 2366 490 2412 rum
509 2367 604 2412 usum
617 2344 759 2413 libenter
771 2345 910 2413 contulit
921 2397 928 2412 .
940 2342 1197 2414 Amantissimus
1209 2343 1356 2413 veritatis
1373 2359 1437 2434 pto

417 2455 538 2524 eadem
557 2459 677 2528 tuenda
696 2459 857 2528 obnoxius
877 2459 1022 2529 invidiae
1042 2459 1125 2528 init.·
1144 2462 1224 2530 Non
1241 2477 1350 2530 tamen
1378 2457 1431 2532 ilii

414 2591 587 2666 propterea
616 2575 744 2688 detuit..
761 2583 808 2655 En
833 2579 919 2648 nihil
948 2579 1054 2649 carius
1073 2567 1210 2664 habuit,
1239 2579 1325 2650 nihil
1351 2604 1430 2647 san-

419 2692 503 2762 etius
515 2737 526 2761 .·
552 2695 796 2786 Antiquitaten‘t
826 2688 989 2789 Diptyohi
1020 2697 1199 2789 quitiniani
1220 2712 1330 2768 contra
1352 2690 1429 2766 Ma·

413 2807 553 2901 pheium
569 2810 679 2900 ipsum
698 2811 806 2880 studio
838 2813 989 2884 veritatis
1016 2805 1175 2883 asseruit.
1200 2813 1276 2882 Fuit
1302 2807 1425 2882 laboris

416 2934 568 3020 patiens,
588 2926 746 3024 expedito·
763 2948 798 3002 et
816 2921 954 3004 honesto
980 2932 1132 3025 ingenio,
1151 2931 1277 3016 comis,
1303 2929 1431 3002 officio-⁴

416 3071 489 3131 sus,
507 3050 593 3137 patri
614 3048 948 3139 obsequentissimus,

466 3160 520 3234 nd'
539 3165 745 3256 Religionem
767 3185 878 3235 eutem
898 3168 983 3256 quod
1005 3160 1142 3253 attinet,
1160 3155 1352 3256 Hieronymi
1371 3167 1435 3234 Ε.

423 3277 554 3352 miliani
581 3282 740 3352 miraculo
769 3283 922 3374 exposuit
947 3284 1045 3376 longo
1072 3285 1236 3370 carmine,
1255 3300 1289 3352 et
1318 3298 1433 3374 perso-

387 3409 393 3424 '
421 3416 540 3491 quotus
553 3419 604 3472 est
623 3401 687 3470 ulia
708 3409 899 3494 argumenta
912 3402 1034 3494 pariter
1052 3428 1142 3472 sacra
1161 3402 1307 3472 numeris
1322 3397 1435 3492 poeti-

422 3513 497 3584 sis.
525 3516 692 3588 Disseruit
720 3517 824 3588 etiam
852 3517 894 3587 de
921 3514 1043 3610 insigni
1071 3535 1291 3589 monumento·
1315 3515 1432 3607 expri-

757 3718 1093 3754 mmmmmdusw

466 3883 515 3967 (ι)Ι
537 3883 766 3952 Nell'Orszione
785 3912 839 3975 per
855 3892 884 3954 le
903 3913 991 3956 uozze
1010 3891 1041 3956 di
1061 3884 1192 3964 Vittono·
1209 3881 1339 3956 A'msti'eo
1358 3882 1440 3957 deca

416 4000 447 4068 ii
470 3998 577 4082 sivojo
595 4019 662 4083 pag.
681 4007 711 4076 4.
