3259 4959
1193 358 1259 409 XX!

329 504 348 545 u
369 472 528 562 Solvitur,
546 470 727 547 immodico
741 492 816 544 uum
832 466 936 541 fervet
952 491 1069 561 corpus
1087 467 1130 538 ab
1147 487 1251 540 aestu.

239 617 258 661 u
282 592 339 664 Ch.
359 595 481 666 Balnea
491 617 548 663 cur
565 614 723 683 quaeras,
742 588 828 658 nihil
853 600 903 656 est
911 614 922 674 3
942 587 991 655 sic
1015 584 1257 676 pelliturulno

327 747 346 783 η
368 711 539 804 Quidquid
568 714 654 781 inest
672 710 766 796 vitii,
793 708 966 799 refluitque
990 706 1173 798 superfluus
1196 709 1256 778 hu-

237 970 255 1009 n
278 939 356 1019 Acu.
376 849 653 1031 Haudndddidem
676 938 812 1009 invideo
839 936 902 1007 tihi
921 936 1022 1008 talia.
1052 937 1145 1007 Num
1174 932 1257 1025 tibi,

417 1088 436 1121 n
477 1080 496 1123 ο
519 1078 538 1123 e

327 1200 346 1235 u
369 1170 447 1240 Ulla
459 1055 715 1239 ddasdumanas
735 1184 891 1258 superant
910 1165 1028 1236 solatia
1047 1165 1161 1235 uitae?

235 1314 254 1353 u
283 1284 342 1357 Ch.
362 1287 529 1357 Plurima.

235 1436 255 1472 n
277 1403 357 1476 Acd.
543 1406 670 1494 Perge,
689 1424 823 1493 precor,
842 1424 954 1471 narra.

240 1548 259 1585 s
284 1516 345 1588 Ch.
868 1514 1096 1605 Circumspice
1119 1528 1259 1585 terram:

329 1670 348 1705 η
371 1638 461 1727 Quas
485 1634 546 1707 tibi
561 1635 669 1709 fundit
687 1660 786 1729 opes,
803 1626 942 1728 quant'os
961 1636 1019 1705 dat
1037 1634 1174 1727 provida
1189 1632 1260 1707 fru·
1343 1726 1350 1739 ·

417 1786 436 1823 u
460 1760 558 1827 ctus?

239 1904 258 1943 u
280 1874 357 1948 neu.
378 1878 430 1948 An
450 1877 551 1968 gratis
572 1875 633 1947 tibi
651 1872 762 1948 fundit
781 1900 860 1967 opes
879 1891 914 1945 et
935 1896 1072 1945 munera
1096 1874 1221 1945 tellus?

325 2022 343 2059 u
365 1993 572 2087 Jampridem
599 1992 662 2061 fuit
680 1991 755 2075 illa,
775 1992 898 2060 iterum
920 2014 980 2058 nec
998 1988 1146 2075 venerit,
1163 2006 1255 2059 aetas

324 2134 343 2169 s
372 2107 499 2190 Aurea,
519 2130 585 2196 qua
604 2104 711 2195 fruges
733 2106 830 2174 tellus
848 2107 976 2173 inarata
995 2103 1140 2173 ferebat:

324 2248 344 2285 u
368 2222 413 2289 At
430 2242 518 2286 nune
539 2240 637 2307 saepe
658 2216 750 2306 gravi
770 2217 952 2305 subigenda
971 2234 1022 2285 est
1042 2240 1249 2303 vomere,rs-

417 2360 436 2395 u
459 2333 537 2400 stris

323 2476 342 2512 u
364 2446 545 2537 Aequanda
554 2496 565 2530 ,
578 2462 612 2515 et
621 2446 709 2515 duris
725 2448 884 2516 versanda
903 2445 1084 2537 ligonibus,
1100 2463 1199 2537 atque

322 2593 341 2631 u
364 2560 516 2629 Assiduis
535 2562 719 2631 renovanda
738 2561 924 2632 laboribus:
939 2580 973 2632 et
992 2580 1102 2632 tamen
1122 2564 1195 2655 ipsa
1205 2614 1217 2647 ,

322 2709 341 2747 v
363 2678 484 2749 Tristis
505 2680 611 2749 adhue
630 2681 745 2751 lolium
756 2735 767 2769 ,
791 2698 826 2753 et
844 2683 972 2754 steriles
992 2682 1144 2774 producit
1172 2700 1250 2753 eve·

413 2828 432 2863 u
454 2823 537 2868 nas.

231 2942 250 2981 n
274 2908 334 2982 Ch.
359 2910 552 2983 Sudandunu
572 2930 677 2984 certe:
703 2915 761 2985 sed
788 2911 857 3007 jam
876 2914 969 2985 labor
992 2918 1105 2987 omnia
1121 2918 1246 2992 vineit.
1287 2958 1293 2966 ·

318 3059 338 3095 u
360 3030 469 3117 Quam
491 3028 581 3121 juvat
597 3028 756 3099 undantes
770 3022 919 3099 fecundis
940 3034 1103 3102 messibus
1121 3045 1223 3129 agros:
1245 3110 1248 3118 ,

320 3178 338 3214 υ
362 3149 523 3234 Cernere,
535 3164 569 3217 et
588 3149 738 3219 incurvos
751 3174 924 3241 pomorum
935 3152 1077 3242 pondere
1089 3150 1220 3226 ramos!

223 3292 248 3357 ⁴u
270 3262 347 3335 Ach.
368 3269 412 3336 At
431 3268 458 3339 si
479 3268 614 3359 rubigo,
633 3270 686 3339 vel
706 3271 734 3339 si
762 3272 869 3341 malus
889 3272 1018 3362 ingruat
1036 3272 1165 3360 imber,

321 3410 341 3447 υ
363 3386 436 3470 Quo
458 3399 567 3453 tantus
586 3382 680 3453 labor
699 3384 758 3455 ille
778 3389 883 3455 tuus?
899 3388 1014 3458 sudate
1034 3388 1162 3473 coloni,

319 3528 342 3567 n
366 3504 436 3586 Ite,
461 3502 569 3593 agite,
593 3518 627 3573 et
644 3504 764 3592 nullis,
789 3502 925 3593 miseri,
944 3530 1030 3576 nune
1049 3508 1174 3599 percite
1191 3532 1249 3608 cus

412 3650 432 3686 n
453 3640 518 3687 ns}
571 3638 577 3649 '
894 3692 897 3697 ,

317 3764 335 3801 u
358 3734 433 3807 Una
452 3736 523 3807 dies
543 3733 634 3827 pleni
653 3756 748 3827 spem
767 3751 873 3807 totum
895 3735 1029 3809 devorat
1048 3738 1150 3811 anni.
1234 3751 1238 3759 '

226 3881 245 3919 n
269 3847 327 3923 δὴ.
352 3856 542 3945 Numquam
566 3855 672 3926 laetus
704 3857 802 3929 eris?
828 3856 977 3950 lepidum
1008 3856 1133 3953 caput!
1160 3857 1241 3949 hic,

409 3999 427 4033 n
451 3970 505 4041 ubi
526 3970 665 4057 desunt,
