3259 4959
417 386 487 474 278
741 381 745 389 ’
885 390 972 446 vrrs·

412 518 568 589 omnibus
594 495 860 610 praerogativis,
892 511 1091 599 honoribus,
1120 512 1324 606 privilegiis,
1353 533 1440 610 quse

412 640 521 710 virum
535 639 653 729 docent
668 637 772 706 titulis
787 659 825 704 ac
842 631 1033 703 muneribus
1053 633 1135 704 adeo
1152 634 1335 725 splendidis
1346 657 1443 707 exor-

414 769 550 823 natum.
578 755 660 822 Esse
680 751 770 819 enim
790 749 872 818 haec
892 745 1039 837 praemio
1059 765 1133 817 cum
1154 745 1340 837 doctrinae,
1365 769 1439 822 tum

414 871 532 962 pietati
553 867 665 939 debita
684 867 773 936 illius
793 865 958 935 eximiae.
987 865 1060 936 Neo
1088 865 1141 934 his
1161 883 1332 938 contentus
1360 893 1440 939 usus

415 1002 450 1054 et
470 985 543 1075 ipse
563 997 615 1052 est
633 981 704 1076 ejus
733 981 832 1050 ductu
855 981 890 1050 in
910 979 1038 1070 privata
1058 994 1092 1048 et
1111 979 1231 1053 intima
1250 983 1338 1052 vitae
1358 1000 1438 1053 suae

413 1097 622 1167 institutione
636 1112 645 1165 .’

459 1215 571 1285 Facile
588 1213 668 1282 hinc
686 1211 911 1306 unusquisque
930 1208 1110 1302 intelligit,
1128 1225 1252 1303 quanto
1274 1211 1357 1284 haec
1383 1213 1439 1282 in-

416 1331 597 1401 citamento
614 1325 738 1400 Jacobo
756 1323 879 1395 fiscum
904 1325 947 1396 sd
967 1327 1242 1419 progrediendum
1271 1328 1304 1396 in
1331 1329 1442 1398 soien-

417 1445 499 1514 tiis.
521 1445 633 1513 Honor
660 1441 827 1534 siquidem
845 1456 879 1509 et
901 1439 992 1508 favor
1012 1440 1153 1512 virorum
1174 1441 1360 1532 principum
1378 1440 1442 1512 stit

418 1573 526 1626 artes.
546 1554 724 1626 Enimvero
742 1552 953 1645 Bellogredus
973 1569 1077 1624 totum
1101 1553 1343 1646 se'hujusmodi
1369 1573 1442 1626 stu-

420 1675 487 1744 diis
508 1672 621 1762 dedit3
645 1697 683 1745 ac
702 1695 813 1743 secum
830 1689 1004 1766 reputans,
1018 1689 1139 1768 quanta
1157 1690 1245 1746 esset
1260 1675 1295 1744 in
1315 1697 1349 1743 sc
1365 1677 1444 1746 Bor-

418 1791 512 1865 bonii
532 1793 625 1866 ducis
645 1792 892 1877 munificentia,
911 1795 1025 1862 statuit
1044 1793 1127 1884 grati
1158 1788 1195 1864 its
1212 1792 1307 1864 illum
1337 1794 1442 1864 enimi

421 1937 555 1986 sensum
574 1913 707 2008 publice
725 1914 897 1983 ostendere
911 1963 919 1985 .
931 1913 1023 1988 Duas
1048 1913 1158 2008 itaque
1178 1935 1236 2002 per
1256 1927 1350 2004 typos
1370 1937 1444 2006 pro-

423 2035 501 2104 tutit
520 2031 786 2120 dissertationes,
811 2049 949 2128 quarum
969 2031 1077 2123 prima
1096 2029 1144 2101 ita
1159 2030 1363 2104 enuntiatur:

467 2176 487 2213 o
510 2147 609 2219 Dells
629 2145 809 2218 riflcssions
833 2147 888 2218 dei
907 2146 998 2240 corpi
1018 2143 1208 2242 dsll’acqua
1221 2172 1262 2216 o:

422 2259 527 2330 altera
545 2261 594 2330 sic
611 2256 820 2334 inscribitur:

417 2396 422 2406 ·
468 2408 488 2445 o
511 2378 611 2450 Delio
629 2369 853 2467 diminutione
872 2378 906 2451 di
931 2375 1018 2452 mole
1036 2379 1088 2454 de'
1097 2377 1179 2453 sassi
1200 2382 1253 2449 ne’
1262 2379 1394 2449 torrenti
1422 2402 1443 2452 e

424 2526 445 2568 n
468 2491 624 2569 ne’fiumi
638 2526 679 2571 s.

413 2603 423 2656 .3
473 2612 658 2704 Utramque
686 2609 807 2680 obtulit
825 2631 885 2701 per
903 2609 1078 2702 epistolam
1106 2627 1197 2680 tanto
1216 2609 1353 2704 principi
1372 2661 1383 2695 ,
1402 2609 1446 2680 dc

424 2725 560 2815 eximiis
580 2726 683 2797 animi
702 2744 736 2796 et
755 2727 881 2819 ingenii
912 2730 1043 2800 dotibus
1072 2729 1143 2823 ejus
1162 2729 1370 2822 praedicens.
1399 2729 1444 2798 Et

420 2840 468 2912 ad
481 2840 625 2932 primum
640 2841 728 2934 quod
744 2841 880 2928 attinet,
897 2865 1030 2914 causam
1045 2843 1172 2936 quaerit
1182 2867 1258 2930 ,our
1275 2844 1310 2914 in
1325 2864 1443 2934 aqnnm

424 2951 573 3048 conjecta
592 2979 726 3048 corpora
744 2956 913 3028 resiliant.
933 2959 1031 3028 Unde
1051 2960 1140 3028 enim
1165 2958 1340 3050 repetenda
1361 2957 1442 3026 hoec

426 3070 479 3139 tis
498 3071 681 3162 repellens,
699 3073 729 3141 si
757 3097 840 3165 aqus
866 3097 973 3165 neque
991 3074 1122 3160 solida,
1141 3099 1245 3166 neque
1275 3070 1445 3144 classica?

426 3181 539 3274 Atque
558 3183 620 3252 hoc
645 3182 728 3257 illud
754 3201 824 3273 est,
852 3185 939 3278 quod
966 3186 1177 3282 Bellogrsdus
1196 3206 1253 3278 pro
1272 3165 1361 3256 ccrto
1388 3211 1444 3256 su-

428 3300 520 3388 mit,
547 3299 788 3376 eusticitatem
820 3304 948 3376 scilicet
967 3331 1071 3397 squas
1090 3308 1217 3378 inesse.
1241 3309 1286 3378 At
1315 3323 1445 3378 comss-

427 3421 515 3492 rium
533 3446 664 3515 prorsus
683 3423 837 3496 etincunt
857 3427 917 3520 (ut
935 3427 1130 3498 existimant
1157 3425 1363 3516 adversarii)
1390 3425 1445 3493 in-

428 3539 544 3612 stituto
572 3540 754 3614 tentamina
781 3543 824 3614 ab
855 3545 1052 3618 academicis
1080 3545 1279 3618 florentinis.
1309 3547 1360 3616 Ex
1390 3542 1446 3612 his

431 3651 523 3754 enim
547 3669 635 3724 certo
658 3673 806 3743 constat,
825 3683 944 3753 aquam
964 3683 1028 3730 non
1048 3681 1144 3752 posse
1160 3656 1336 3750 comprimi
1353 3707 1360 3724 .
1375 3657 1448 3726 Hoc

428 3792 533 3840 unum
554 3773 570 3863 (
587 3773 717 3864 reponit
734 3779 876 3869 auctor)
896 3779 1024 3849 exiliis
1048 3795 1193 3862 constat,
1208 3777 1351 3848 nondum
1370 3761 1450 3842 estu

430 3882 579 3974 potuisse
607 3887 815 3978 comprimi;
844 3913 909 3958 non
937 3891 1050 3977 illud,
1083 3915 1148 3961 non
1175 3913 1271 3982 posse
1301 3885 1448 3977 compri-

427 3998 481 4072 mi
510 3998 672 4072 omnino.
703 4004 792 4073 Tum
823 4005 1017 4096 concludit,
1044 4029 1128 4100 quae
1147 4001 1188 4075 de
1207 4003 1269 4076 hac
1297 4025 1332 4074 re
1359 4009 1450 4070 certo
