3259 4959
422 335 489 424 262
737 365 822 421 unt
844 366 996 420 unuonn
1014 363 1132 421 runrct

418 487 599 560 sollicitum
625 513 783 581 umquam
804 485 940 576 habuit,
965 503 1137 580 utrumque
1155 485 1375 585 contempsit.
1394 490 1438 569 ln

417 604 598 678 suricorum
617 626 793 695 congressu
820 601 980 697 jucundus
990 631 1002 692 ;
1019 601 1157 677 hilarari
1185 605 1361 684 videbant
1377 635 1436 684 su-

418 723 543 811 cietas,
561 722 619 793 uhi
648 724 706 796 ille
724 722 855 796 adesset
873 771 882 792 .
901 721 1001 808 Erat,
1029 738 1066 794 ut
1089 721 1139 797 itt
1157 723 1286 818 dicatu,
1314 741 1438 802 uretu-

416 842 497 914 bilis
515 843 586 939 eius
604 843 727 929 virtus,
755 840 864 916 tacitis
883 859 917 913 et
954 841 1118 918 humana.
1150 843 1281 938 Religio
1308 848 1438 938 solida,

417 982 483 1030 non
502 982 637 1031 severa.
660 960 787 1050 Magna
806 957 897 1030 illius
917 957 953 1039 in
979 956 1072 1029 ontni
1101 956 1170 1028 rita
1194 959 1436 1052 aequabilitas3

416 1078 537 1174 magna
564 1079 600 1148 in
627 1078 774 1169 hospites
793 1073 976 1148 liberalitas
987 1117 1005 1149 .«
1016 1077 1166 1148 Comiter
1195 1077 1256 1152 hos
1281 1081 1438 1173 excipere

416 1209 631 1268 runsuenerat
641 1246 652 1281 ,
667 1191 728 1263 lros
747 1194 895 1264 detinere
906 1193 1074 1279 euerritur.
1094 1193 1239 1268 Difficile
1259 1213 1368 1268 autem
1386 1198 1437 1271 di·

415 1328 470 1381 ctu
489 1326 558 1399 ent,
577 1326 739 1402 quantum
767 1307 923 1384 conciliet
941 1307 1070 1380 animus
1089 1307 1263 1383 hominum
1294 1312 1436 1386 comitas

414 1427 661 1522 affabilitasque
684 1429 866 1502 sermonis.
883 1431 917 1500 Is
936 1427 1106 1502 enimvero
1126 1425 1189 1502 fuit
1210 1427 1364 1500 omnibus
1382 1455 1436 1505 ea.

414 1546 584 1616 rissimus.
603 1546 748 1634 Iis-prae
766 1543 903 1630 ceteris,
929 1541 1050 1635 quibus
1069 1561 1239 1635 praeerat,
1269 1568 1334 1614 nun
1362 1559 1434 1618 tum

409 1664 614 1752 'potestatem
632 1658 736 1731 ineos
756 1681 935 1746 exercens,
949 1681 1049 1749 quam
1067 1658 1213 1752 singulos
1232 1657 1298 1731 sibi
1322 1667 1435 1734 arunte

416 1776 627 1849 devinciens.
648 1773 829 1852 Neminem
848 1801 992 1869 unquam
1012 1801 1077 1848 non
1091 1799 1142 1863 ru,
1157 1801 1223 1848 uun
1241 1775 1436 1864 verbo,nnu

415 1889 663 1983 rultupolfendit
676 1946 684 1962 .
699 1895 810 1982 Quare
827 1892 980 1965 certatim
999 1915 1114 1964 omnes
1133 1915 1209 1962 eum
1228 1891 1381 1962 colebant
1398 1907 1435 1964 et

417 2010 597 2084 amabant.
618 2013 728 2102 Atque
746 2011 809 2082 hoe
829 2026 994 2107 postremo
1017 2011 1106 2084 ritae
1134 2007 1203 2111 ejus
1223 2025 1372 2104 tempore
1397 2009 1436 2085 in

414 2126 534 2216 primis
553 2126 741 2218 cognitum.

462 2245 539 2316 Non
559 2245 663 2318 multu
678 2243 805 2314 scilicet
825 2257 901 2316 ante
921 2257 1082 2331 mortem,
1103 2243 1182 2314 dum
1201 2264 1331 2314 sacrum
1349 2237 1434 2314 feee-

414 2381 484 2451 ret‚
506 2389 542 2434 se
572 2381 708 2456 repente
727 2363 831 2436 icturu
860 2366 962 2434 sensit
990 2369 1190 2460 hunnile.
1219 2365 1338 2454 Ingens
1365 2375 1435 2434 eta·

413 2479 477 2547 tim
492 2500 535 2547 ex
550 2478 685 2571 inopino
704 2501 782 2548 casu
801 2477 962 2550 adstantis
976 2479 1090 2573 populi
1109 2475 1343 2549 consternatio.
1360 2474 1436 2546 Fle.

414 2615 451 2662 re
470 2615 605 2680 omnes,
621 2608 655 2661 et
673 2590 780 2663 ricem
799 2590 968 2662 miserari.
984 2595 1069 2666 Mox
1086 2591 1232 2690 undique
1256 2588 1434 2662 ucuurritur

414 2725 451 2780 et
461 2726 467 2735 '
477 2706 689 2780 discurritur.
708 2709 869 2779 Parantur
887 2705 978 2778 illico
994 2705 1104 2798 plures
1123 2725 1233 2777 curma
1242 2732 1253 2794 3
1267 2703 1375 2796 plures
1389 2703 1434 2776 ad

416 2825 565 2898 medicos
590 2827 715 2919 passim
740 2826 936 2900 convolant.
966 2823 1119 2918 Mitigari
1143 2821 1277 2896 morbus
1305 2821 1433 2914 potuit,

416 2955 451 3010 at
469 2963 534 3008 non
553 2941 677 3034 depelli
688 2971 699 3030 3
718 2941 788 3013 irno
816 2938 933 3010 eodem
953 2937 1060 3014 denuo
1087 2939 1254 3032 perculsus
1281 2935 1435 3031 eliquan-

416 3072 488 3126 tum
514 3060 672 3151 temporis
699 3077 774 3150 pust
800 3057 981 3132 exstinctus
1000 3057 1102 3156 jacuit
1120 3053 1281 3130 Antonius
1299 3053 1335 3124 V
1354 3053 1436 3126 Idus

414 3177 558 3248 Martias
584 3201 660 3248 ann.
694 3178 797 3273 1776,
816 3201 974 3270 maguum
992 3177 1146 3249 omnibus
1162 3174 1211 3247 sui
1231 3170 1449 3246 desideriunt

414 3296 623 3388 relinquens.
643 3299 740 3390 Quod
759 3313 871 3370 tamen
891 3297 1012 3370 minuit
1034 3297 1240 3380 Alexander,
1258 3287 1367 3362 fratris
1393 3306 1435 3357 e-

414 3407 545 3504 jusdem
565 3411 671 3498 lilius,
690 3437 790 3506 quern
808 3407 937 3508 jamdiu
954 3411 1057 3484 habel
1076 3413 1111 3482 in
1139 3407 1295 3503 pastorali
1319 3423 1435 3476 murrea

417 3539 455 3600 le
472 3551 712 3600 successorem.
