3259 4959
403 389 470 464 588
884 408 969 459 vrrs

404 546 456 614 ta,
477 551 575 620 quam
601 527 673 619 ipse
702 544 852 597 accurate
876 528 1070 619 scripserat.
1105 526 1171 616 Qui
1202 527 1289 597 banc
1319 528 1430 622 legit,

403 642 584 716 Antonium
606 641 747 730 suspicit
768 643 854 709 iuter
873 658 985 732 poetas
1004 658 1038 709 ct
1057 641 1201 710 eruditos
1211 695 1222 726 ,
1242 645 1328 712 iuter
1346 643 1430 734 pbi-

409 759 561 850 losophos
582 774 616 831 ct
634 757 888 828 mathematicos
918 757 1023 827 multa
1053 781 1129 826 cum
1159 756 1320 850 dignitate
1348 782 1431 826 ver·

405 896 556 946 sautem.
781 959 788 970 .

451 991 589 1064 Interim
606 991 727 1080 loseph
750 991 883 1081 eligitur
903 991 937 1062 iu
957 989 1280 1081 archipresbyterum
1293 991 1427 1061 Montis

404 1115 554 1196 Galdae,
575 1111 631 1202 qui
659 1109 748 1178 locus
773 1112 944 1179 Patavium
971 1111 1168 1203 interjacens
1191 1128 1225 1178 et
1251 1112 1425 1180 Vicetiarn

406 1226 450 1298 ab
470 1243 606 1315 utraque
626 1223 706 1292 urbe
726 1223 796 1314 pari
817 1223 919 1293 lcrrne
949 1225 1120 1292 intervallo
1149 1224 1269 1293 distat.
1298 1223 1350 1292 lbi
1370 1223 1427 1291 sui

406 1343 552 1410 muneris
575 1358 682 1430 partes
703 1339 847 1430 implens
876 1339 1037 1430 quidquid
1064 1356 1232 1429 supererat
1255 1338 1320 1406 sibi
1341 1355 1428 1406 tem.

408 1463 519 1550 poris,
536 1458 749 1549 impendebat
769 1458 802 1526 in
818 1458 927 1526 studia
940 1483 960 1526 a
971 1481 1006 1526 se
1026 1457 1152 1551 jamdiu
1172 1459 1207 1525 iu
1220 1457 1349 1526 deliciis
1364 1457 1426 1524 ha·

409 1571 500 1648 hita.
522 1572 752 1642 Innotescebat
772 1571 841 1665 jam
860 1574 907 1641 rei
927 1573 1106 1643 litterariae
1124 1573 1303 1642 triumviris
1320 1596 1427 1662 quan·

412 1709 444 1766 ta
461 1694 488 1760 is
506 1693 814 1786 matlrematiearmu
835 1716 942 1767 rerum
965 1693 1082 1782 peritia
1102 1693 1292 1762 excelleret.
1313 1694 1427 1781 Quare

412 1813 585 1880 duodecim
615 1812 745 1882 circiter
773 1838 875 1880 anuos
904 1832 978 1903 post
1005 1830 1136 1882 senatus
1165 1812 1273 1880 veneti
1294 1810 1428 1880 decreto

411 1927 584 1998 Patavium
605 1927 779 1995 translatus
799 1945 850 1996 est
866 1927 908 1999 ad
922 1929 1157 1997 astronomiam
1178 1951 1240 1993 nna
1260 1949 1333 1993 cnm
1350 1947 1427 2013 geo-

411 2041 549 2138 graphia
569 2057 601 2108 ct
622 2042 854 2132 meteorologia
873 2041 908 2107 in
928 2040 1061 2131 publico
1079 2040 1172 2129 lyceo
1192 2037 1425 2128 profitendam.

458 2157 567 2228 Multa
597 2156 651 2232 lric
679 2157 847 2228 enimvero
875 2155 970 2224 utilia
1000 2156 1042 2224 ad
1071 2155 1320 2243 disciplinarum
1343 2175 1424 2240 pro«

414 2293 581 2360 gressurn3
603 2271 659 2338 scd
688 2271 776 2338 locus
807 2269 918 2338 decrat
946 2269 988 2337 ad
1017 2268 1251 2338 astronomicas
1278 2267 1433 2338 observa·

414 2381 520 2454 tiones
541 2385 699 2457 idoneus.
721 2385 782 2459 llis
803 2381 973 2474 capiendis
998 2383 1068 2458 visa
1096 2399 1144 2452 est
1172 2397 1353 2474 opportuna
1373 2377 1429 2445 rel

414 2502 560 2576 maxime
581 2503 715 2592 antiqua
736 2502 847 2587 turris,
865 2526 905 2575 ex
921 2527 984 2593 qua
1004 2502 1201 2592 praecipites
1221 2500 1300 2570 olim
1322 2495 1431 2565 homi·

413 2643 471 2694 nes
492 2621 543 2712 agi
564 2622 677 2690 solitos
698 2619 797 2690 luisse
817 2639 944 2690 constat
973 2620 1015 2690 ab
1043 2621 1198 2690 Eccelino
1219 2619 1259 2688 de
1279 2619 1430 2688 Romano

412 2737 524 2830 stirpis
546 2742 727 2814 teutonicae
758 2759 896 2829 tyranno
928 2741 1175 2812 crudelissimo.
1200 2738 1288 2810 Hinc
1308 2735 1371 2811 duo
1388 2734 1427 2807 hi

413 2854 578 2946 elegantes
599 2859 749 2928 uersiculi
770 2859 805 2930 in
826 2860 898 2949 ipsa
918 2859 1094 2948 insculpti:

418 2975 510 3058 Quae
530 2976 700 3064 quondum
719 2977 869 3067 infernos
887 2976 990 3046 turris
1008 2973 1152 3044 ducebat
1170 2972 1216 3044 od
1229 2970 1360 3042 rnrrbrus
1370 3024 1382 3056 ,
1403 3045 1410 3053 ,

460 3091 555 3160 Nune
580 3097 742 3164 Venetrhn
761 3095 919 3186 auspiciis
934 3094 1055 3185 pendit
1076 3093 1123 3164 ud
1141 3103 1234 3162 astru
1254 3089 1362 3158 viane.

414 3205 576 3292 Coeptmu
607 3205 718 3295 itaque
745 3208 933 3300 hujusmodi
963 3209 1077 3277 statim
1106 3231 1209 3297 opus3
1232 3228 1290 3273 nec
1318 3200 1431 3273 multo

413 3339 488 3420 post
506 3322 647 3398 feliciter
667 3325 853 3401 absolutum
884 3328 958 3418 (1).
991 3327 1130 3396 Interim
1156 3322 1280 3415 Josepb
1302 3337 1432 3392 ueteres

753 3494 1084 3524 ἈἎἊΜἈΛἊΜΜΜΜ

456 3637 505 3716 (r)
529 3635 625 3716 Opera
643 3639 791 3699 Dominici
814 3637 913 3702 Cerati
943 3636 1082 3705 vicetini,
1100 3636 1169 3702 artis
1193 3629 1430 3697 architectonicae

415 3743 520 3828 Periti.
544 3745 610 3806 Fuit
628 3745 675 3805 lric
696 3747 848 3810 multorum
868 3745 983 3824 quidem
1004 3743 1199 3803 aedificiorum
1219 3753 1360 3799 structura
1381 3757 1431 3795 ce-

416 3851 515 3928 leber,
537 3851 587 3913 sed
607 3855 756 3935 inprimis
776 3854 905 3934 patarini
921 3852 1108 3921 Nosocumii‚
1128 3868 1272 3909 romanam
1295 3843 1430 3923 magnifi-

418 3961 540 4022 centiam
571 3962 781 4042 pra'elcreatis.
815 3963 920 4022 Ortum
942 3959 1041 4019 habuit
1060 3957 1154 4041 pridie
1173 3955 1275 4016 Nonas
1306 3950 1433 4031 Augusti

418 4087 485 4134 rau.
510 4065 594 4163 1715.
616 4069 684 4130 Post
704 4067 869 4159 patarinum
889 4067 1081 4133 Seminarium
1097 4065 1242 4146 ingressus
1264 4072 1309 4120 ert
1328 4056 1435 4120 litterir
