3259 4959
808 565 970 652 vird

548 791 815 930 ANGELl
848 815 1232 928 SCLAVETTI

427 1562 608 1740 Angelus
625 1645 809 1720 Sclavettus
821 1669 863 1718 ex
881 1645 1008 1738 origine
1021 1645 1122 1738 patris
1140 1645 1330 1740 uergens,
1345 1645 1401 1726 111

384 1762 474 1838 Non.
504 1763 688 1837 Nuremhr.
714 1788 791 1835 ann.
822 1766 906 1860 1695
935 1755 1030 1838 natus
1049 1780 1102 1834 est
1126 1766 1322 1858 Romuleae,
1340 1765 1399 1838 uhi

382 1881 528 1976 primum
547 1880 706 1954 fabricata
724 1882 847 1952 dicitur
865 1881 980 1952 charta
1004 1881 1114 1952 linea.
1133 1881 1268 1974 Septem
1292 1883 1400 1954 millia

384 2021 541 2090 passuum
558 2000 696 2070 Petusio
708 1999 810 2081 distat
823 1999 914 2070 locus
925 1998 1000 2086 hic,
1013 1999 1055 2070 ad
1068 2003 1294 2093 Euganeorum
1309 2024 1403 2070 morr-

381 2122 466 2193 tium
483 2120 609 2191 radices
633 2120 780 2210 positus,
799 2134 834 2189 et
851 2119 947 2211 longe
966 2121 1154 2194 extenditur
1166 2121 1209 2191 ad
1223 2137 1396 2212 utramque

383 2237 491 2329 ripam
503 2233 731 2305 interfluentis
750 2233 924 2305 Medouci.
945 2233 1018 2306 Vix
1038 2235 1184 2324 Angelus
1203 2259 1324 2306 annum
1338 2250 1403 2305 ter-

383 2350 468 2420 tium
486 2373 525 2420 ac
543 2348 712 2421 decimum
729 2346 960 2432 inchoaverat,
979 2371 1056 2416 cum
1074 2347 1110 2416 in
1135 2348 1324 2440 patavinum
1344 2345 1401 2418 se-

383 2466 563 2540 minarium
580 2484 736 2561 exceptus
754 2465 932 2558 superioris
950 2465 1186 2558 grammaticae
1203 2467 1312 2537 studio
1339 2463 1400 2535 ad-

381 2581 521 2655 dicitnr.

421 2697 560 2791 Ingenio
577 2717 616 2766 ac
639 2693 812 2788 diligentia
834 2694 1015 2785 plurimum
1038 2695 1150 2767 valens
1173 2694 1242 2790 jam
1258 2711 1328 2767 tum
1346 2691 1394 2763 ri·

379 2809 521 2884 dehamr
537 2809 616 2880 honi
646 2809 754 2879 exitus
772 2832 866 2900 spem
887 2806 1068 2900 praeferre.
1087 2809 1286 2882 Litterarum
1305 2833 1400 2880 cursu

381 2928 601 3016 absoluto,ad
613 2927 791 2998 severiores
809 2925 1080 3019 philosophorum
1098 2927 1290 3020 disciplinas
1311 2928 1401 3000 inon-

381 3040 475 3128 buit,
492 3044 564 3110 mm
581 3063 641 3130 per
657 3039 836 3108 triennium
855 3039 890 3107 in
910 3040 1103 3133 theologicis
1122 3065 1158 3112 se
1177 3065 1213 3111 su
1233 3041 1400 3131 exercuit3

380 3158 551 3253 publicam
575 3158 678 3228 etiam
708 3159 750 3226 da
772 3157 827 3226 his
856 3157 1113 3250 disputationem
1152 3159 1307 3231 sustinuit
1329 3175 1402 3229 tan-

381 3289 416 3344 ta
443 3297 520 3345 cum
541 3271 639 3344 laude
651 3323 664 3357 ,
682 3286 718 3340 ut
741 3270 1020 3364 aliispr‘opositus
1047 3273 1145 3346 fuerit
1164 3275 1258 3367 quasi
1281 3297 1398 3346 exem·

384 3394 470 3485 plat.
488 3391 606 3464 Paucis
626 3389 743 3462 diebus
760 3407 834 3481 post
855 3391 891 3462 in
904 3393 1000 3464 sacro
1016 3395 1240 3488 theologorum
1258 3391 1399 3486 collegio

385 3511 527 3582 doctoris
545 3510 689 3604 insignia
703 3512 867 3603 sumpsit,
883 3529 918 3582 et
936 3512 971 3584 in
990 3537 1102 3586 eorum
1122 3531 1250 3586 coetum
1269 3527 1404 3604 coopta-

381 3647 437 3702 tus
460 3646 530 3702 eat.
559 3633 644 3703 Mox
670 3632 794 3704 electus
823 3659 842 3703 a
871 3633 1041 3706 Cardinali
1067 3633 1220 3706 Cornelio
1244 3633 1401 3724 episcopo

382 3747 538 3841 patavino
555 3750 590 3818 in
607 3749 784 3822 seminarii
806 3753 999 3844 magistrum
1010 3751 1077 3838 ‚ihi
1097 3750 1291 3847 degentibus
1310 3749 1403 3822 cleri·

381 3865 429 3935 cia
448 3863 638 3956 aliquandiu
659 3866 801 3938 tradidit
815 3866 1034 3958 multiplicem
1053 3867 1322 3961 philosophorum
1340 3863 1403 3935 do-

279 4071 285 4082 .
380 3979 521 4054 utrinam
536 4034 546 4056 .
563 3983 673 4074 Quam
693 3981 832 4077 quidem
850 3977 1057 4076 provinciam
1075 3979 1171 4057 hreni
1189 3975 1344 4074 reliquit,
1364 3988 1403 4051 ut
