3259 4959
563 319 684 370 treton
704 318 916 371 conectunt
1152 286 1227 379 ‚183

212 446 281 507 tum
297 431 511 519 domesticos,
527 456 627 524 quam
647 450 814 519 externos,
835 433 948 503 audire
966 456 1103 521 omnes,
1121 438 1226 508 omni-

210 552 273 627 bns
293 568 422 645 praesto
440 576 533 623 ecee.
554 554 675 623 Pueros
696 576 788 639 vero,
806 552 956 623 imitatus
974 554 1018 621 D.
1033 552 1225 647 Philippum

209 671 349 747 Nerium
362 670 424 757 ,ad
442 694 478 741 ae
497 669 600 743 etiam
618 669 758 739 inritare
778 686 812 738 et
831 668 966 739 allicere
977 671 1227 755 ,amantissime

212 788 357 863 detinere
366 843 377 877 ‚
390 812 542 875 mouere,
560 790 801 875 inutruere3et‚
821 804 859 857 ut
876 787 1020 857 libenter
1035 812 1144 857 rursus
1170 814 1229 859 ac-

214 910 383 997 cederent,
407 908 609 983 munurculis
639 908 742 979 etiam
766 908 924 994 donatos,
942 905 1062 999 quibua
1082 908 1231 981 maxime

215 1026 342 1099 ducitur
359 1028 419 1100 illa
436 1044 544 1113 aetas,
564 1026 697 1097 eosdem
718 1052 737 1097 a
755 1050 791 1097 ee
810 1026 1000 1096 dimittere.

259 1142 314 1215 nd
330 1141 454 1215 leviora
471 1138 686 1225 descendam,
710 1138 822 1210 vivide
849 1157 963 1211 tamen
977 1137 1133 1209 intimam
1158 1139 1232 1234 ejus

213 1258 359 1337 indolem
382 1260 621 1352 exprimentia.
640 1259 814 1329 Delicatne
833 1258 1002 1349 potiones,
1021 1257 1064 1327 ab
1084 1258 1161 1327 aliis
1184 1278 1233 1329 et-

215 1372 284 1449 iam
304 1374 453 1462 oblatae,
478 1374 520 1443 ab
547 1372 663 1443 eodem
682 1371 749 1443 eibi
768 1371 901 1463 penitur
919 1370 1133 1441 interdictae:
1164 1388 1234 1441 ten·

216 1493 280 1563 tari
300 1510 444 1585 poterat,
470 1516 537 1563 non
555 1492 644 1563 vinci
663 1482 999 1565 illins'abninentia.
1019 1489 1118 1561 Nihil
1140 1489 1234 1561 idem

213 1608 250 1681 in
263 1634 377 1687 menta
385 1613 538 1703 querulus
549 1662 559 1695 ,
572 1606 614 1681 ad
632 1632 731 1705 quarn
751 1606 900 1703 jejunus,
911 1624 950 1677 nt
968 1605 1167 1698 plurimum,
1178 1630 1233 1679 ae·

215 1728 372 1799 cedebat.
393 1730 532 1822 Optima
550 1727 683 1814 omnia,
697 1728 810 1801 omnia
823 1726 1010 1821 exquirite.
1028 1727 1142 1798 Unum
1162 1742 1234 1799 tan·

138 1908 140 1912 ,
217 1858 288 1917 tum
313 1847 487 1919 molestum
512 1845 578 1937 ipri
596 1843 753 1919 audiendi
770 1844 940 1930 studioso,
957 1842 988 1913 ei
1006 1841 1167 1913 nimirum
1185 1844 1233 1914 le·

215 1964 282 2031 ctio
300 1966 577 2057 interpellaretur.
598 1966 669 2035 lloe
696 1988 798 2035 unum
819 1959 1030 2033 dissimulare
1048 1983 1114 2028 non
1142 1976 1236 2049 pote·

215 2098 283 2165 tut,
311 2084 403 2152 vultu
429 2085 503 2173 ipso
529 2081 700 2153 silentium
728 2078 905 2165 omnibus,
931 2093 967 2147 et
993 2098 1072 2144 voce
1097 2092 1235 2167 repente

216 2196 385 2273 indicens.
406 2198 564 2268 Libenter
577 2198 683 2269 'etiarn
700 2195 857 2266 audiebat
871 2192 917 2265 ad
933 2190 1148 2263 recreandum
1166 2193 1238 2263 eni·

217 2338 310 2385 mum
331 2315 581 2407 ephemeridas,
600 2314 746 2387 locorum
775 2312 810 2383 in
829 2310 949 2403 quibua
972 2336 1027 2396 ea,
1050 2332 1135 2405 quae
1154 2308 1237 2381 refe·
1311 2404 1315 2410 1

218 2432 393 2520 rebantur,
410 2434 541 2521 fierent,
557 2432 798 2524 peritissimus.
816 2428 983 2522 Cupiebat
994 2428 1086 2500 eninr
1102 2450 1236 2521 temper

220 2545 348 2637 aliquid
371 2546 449 2616 novi
477 2545 647 2617 addiscere
674 2545 727 2615 tel
751 2560 900 2634 ternpore
921 2540 1151 2613 oblectationis
1174 2540 1238 2613 ho·

218 2676 352 2729 nestae:
373 2660 470 2731 valde
488 2660 617 2731 seilicet
636 2660 679 2735 ab
698 2659 741 2729 iia
760 2659 960 2744 abhorrens,
977 2657 1035 2751 qui
1052 2656 1141 2728 levia
1166 2674 1236 2727 tan·

219 2792 290 2846 tum
319 2794 353 2855 et
380 2778 513 2857 inutilia
540 2794 725 2865 sectantur,
745 2794 780 2851 et
798 2779 812 2869 (
833 2794 870 2852 ut
887 2776 1059 2869 proverbio
1079 2775 1235 2868 dicitur)

219 2891 276 2981 qui
301 2891 430 2971 diacum
458 2889 574 2965 audite
600 2893 751 2981 malunt,
780 2914 881 2983 quarn
899 2889 1153 2985 philosophum.
1172 2894 1236 2962 Re-

217 3032 295 3079 eene
308 3034 327 3079 a
339 3008 477 3101 prandio
492 3008 625 3085 fabrilia
644 3008 827 3094 tractabat,
839 3008 892 3079 vel
903 3006 1059 3099 pulsabat
1069 3007 1235 3079 musicum

219 3138 495 3209 instrumentum,
514 3147 556 3195 ue
583 3123 719 3194 omnino
746 3122 870 3193 orione
897 3138 985 3193 esset
1010 3123 1047 3191 in
1073 3122 1162 3206 otio,
1181 3121 1237 3192 cui

218 3237 366 3311 maxime
378 3238 524 3313 intentur
537 3254 623 3327 erat,
639 3240 755 3317 tolitut
774 3256 948 3331 propterea
963 3240 1092 3332 aliquid
1103 3260 1236 3331 temper

218 3372 331 3442 agere,
349 3373 460 3436 orare,
478 3352 605 3445 legere,
624 3354 789 3437 seribere,
808 3354 1049 3426 commentari.

266 3464 409 3535 Mereor
425 3462 590 3556 profecto,
606 3467 733 3561 quoties
753 3465 842 3539 illiue
861 3466 947 3540 milti
973 3466 1064 3540 venit
1089 3467 1125 3537 in
1144 3490 1238 3538 men·

222 3596 291 3651 tem
311 3584 327 3673 (
345 3582 439 3653 venit
463 3598 575 3657 autem
603 3582 797 3675 saepissime
824 3584 858 3677 )‚
886 3597 1061 3679 tantaeque
1085 3585 1238 3658 virtutis·

221 3700 303 3775 Fere
331 3724 464 3793 temper
490 3700 635 3775 inoleret
658 3700 771 3790 dorni,
785 3726 858 3774 raro
874 3704 987 3795 egredi
1008 3704 1237 3796 Foreellinue3

222 3816 369 3911 quotidie
388 3840 465 3889 vero
488 3817 531 3888 ad
549 3842 678 3889 caenun
698 3816 932 3892 celebrandum
938 3848 950 3909 3
976 3836 1074 3913 atque
1092 3820 1155 3889 ltoe
1180 3820 1238 3911 pie

222 3935 439 4031 religioseque
466 3952 620 4033 peraeto,
649 3938 741 4011 'rllioo
768 3962 879 4010 nrranr
908 3938 1064 4013 domum.
1092 3938 1172 4011 Non
1197 3964 1240 4031 aq
