3259 4959
516 501 663 608 Linguae
682 495 858 584 orientales
877 524 933 580 cur
956 497 991 579 in
1011 495 1236 581 Seminarium
1256 501 1382 586 accitae
1400 506 1448 590 522

513 621 720 701 Lorenzonus
739 624 934 696 Laurentius
944 623 1127 693 studiorum
1139 625 1300 714 praelect.
1320 623 1473 721 ²⁰⁶sl30·

940 733 982 808 Μ

521 847 741 932 Melchiorius
761 856 976 930 Sebastianus
993 854 1102 949 junior
1120 843 1273 926 laudatus
1297 855 1352 947 87.

519 977 720 1064 Morgagnus
748 975 800 1042 Jo.
830 971 979 1062 Baptista
1005 968 1217 1040 carissimum
1250 968 1369 1042 habuit
1389 965 1468 1063 hegi-

474 1093 565 1163 dium
585 1091 806 1161 Forcellinum
832 1090 905 1162 185.

516 1205 719 1276 Moraturius
734 1197 859 1274 Ludovi
880 1197 1041 1272 Antonius
1059 1201 1234 1295 magnifice
1253 1205 1356 1274 sentit
1368 1205 1405 1276 de
1420 1207 1470 1276 Se-

472 1322 625 1396 bastiano
645 1329 811 1396 Franzono
834 1321 910 1416 145.

486 1433 505 1461 “’
967 1435 1003 1506 N

517 1550 651 1623 Nicolai
669 1551 721 1621 Jo.
740 1547 890 1640 Baptista
908 1549 1036 1618 Toaldo
1060 1572 1138 1638 prae
1156 1548 1280 1618 ceteris
1298 1569 1385 1620 carus
1400 1551 1461 1646 405.

517 1665 717 1738 Nicolsonus
737 1663 789 1733 ab.
811 1663 953 1732 scoticus
980 1663 1016 1730 in
1034 1663 1220 1734 seminario
1238 1664 1397 1734 mathesin
1418 1666 1463 1733 do-
1528 1692 1529 1717 1

473 1784 560 1866 cuit,
581 1801 695 1874 postea
726 1783 846 1851 studiis
874 1780 1017 1873 praefuit
1042 1801 1098 1875 27.
1130 1787 1171 1854 In
1196 1782 1356 1876 Angliam
1379 1783 1462 1852 mitti-

479 1902 530 1966 t'ur
549 1895 604 1968 55.

516 2011 698 2104 Nigreniue
718 2012 816 2083 Card.
837 2001 1044 2084 sacerdotum
1059 2013 1195 2104 collegio
1212 2039 1232 2084 a
1250 2038 1290 2084 se
1305 2007 1414 2085 Romae
1425 2015 1463 2084 in·
1530 2044 1531 2105 p

475 2128 590 2199 trituto
609 2126 787 2200 &minucii
808 2127 957 2220 patavini
977 2128 1149 2198 alumnum
1167 2128 1319 2220 praeficit
1335 2131 1385 2201 63.

977 2250 1010 2318 0
1531 2250 1532 2287 r

519 2367 718 2441 Oblatorum
739 2367 949 2462 congregatio
969 2362 1103 2462 ejusque
1122 2367 1249 2439 utititas
1269 2359 1324 2445 36.
1343 2369 1459 2459 Quinam

470 2475 508 2558 in
533 2489 685 2559 tamdem
705 2480 960 2560 admitterentur
979 2513 1036 2585 99.

518 2604 708 2673 Ochrnanus
727 2604 909 2694 Dionysius
925 2603 960 2672 in·
980 2597 1147 2676 Hibernia
1167 2615 1266 2676 batus
1292 2601 1458 2696 theologiam

476 2714 588 2784 docuit
605 2715 641 2785 in
660 2716 847 2787 Seminario
866 2720 921 2790 28.

975 2838 1002 2906 P

521 2935 696 3038 Philippus
717 2947 840 3018 Nerius
858 2943 892 3019 S.
913 2937 1206 3021 Seminariensinm
1226 2965 1374 3042 patronus
1390 2943 1434 3017 25.

516 3065 633 3134 Pinnza
646 3067 916 3137 Bartholomaeus
929 3069 964 3139 in
977 3070 1155 3140 seminarii
1167 3071 1316 3162 patavini
1329 3078 1458 3136 necterent

471 3181 665 3252 Mediolano
684 3185 808 3253 accitus
829 3189 861 3256 8.

514 3301 624 3371 Pietas
644 3327 663 3372 a
682 3305 718 3372 Β.
740 3295 901 3396 Gregorio
920 3295 1131 3378 multimodis
1150 3306 1185 3376 in
1205 3304 1384 3377 Seminario
1401 3315 1459 3393 pru·

476 3435 566 3488 motu
589 3423 640 3495 rb

516 3537 699 3610 Pimbiulus
727 3541 769 3611 de
802 3529 1031 3634 Engellreddis
1069 3547 1261 3616 Francisous
1293 3540 1457 3616 Sibiliattn

472 3659 674 3728 carminibus
694 3663 792 3732 dellet
813 3667 891 3736 226.

514 3771 702 3843 Praefectus
734 3779 918 3849 studiorum
947 3770 1028 3852 olitn
1065 3779 1101 3850 in
1140 3778 1339 3852 Academiae
1365 3769 1456 3844 schola

469 3884 633 3974 professor
655 3891 728 3962 116.
749 3893 844 3962 Idem
863 3894 1088 3965 bibliothecae
1106 3914 1215 3966 custos
1238 3895 1310 3967 nu.
1340 3883 1457 3980 Qutssl⁰

469 4000 658 4078 istiusmodi
678 4009 833 4081 oneribus
853 4014 979 4086 letatus
1003 4015 1087 4109 tuti,
1101 4015 1176 4086 118.
1195 4013 1319 4090 Studiis
1334 4007 1384 4103 qui
1397 4003 1459 4074 htt‘
