3259 4959
523 372 676 427 irrosus
695 370 850 425 nmen
1123 347 1191 424 305

176 519 197 560 n
215 483 341 583 inquit,
357 489 498 583 legende
515 489 650 560 omnino
669 489 808 580 epistola
828 481 960 558 Natalis
979 485 1120 557 Laeteeii
1149 488 1191 557 de

174 639 196 676 s
215 633 327 680 museo
346 609 494 700 Philippi
520 609 659 680 Fareetii
682 607 726 678 ad
752 610 831 678 clar.
859 621 1041 678 cortonens.
1060 605 1190 676 Acade-

176 755 196 791 ss
216 726 317 794 mium
337 726 390 816 (1)
404 755 446 792 u.
764 728 768 732 ⁴

194 839 352 908 eruditi
381 838 578 928 lipsienses,
605 836 726 927 quibos
753 838 872 908 eadem
908 837 1049 926 epistole
1079 835 1191 908 oblata

179 949 286 1022 iuerat
293 953 480 1044 ‚integram
491 953 724 1042 transcripsere
731 952 894 1042 ‚ingenue
904 950 1109 1042 professi‚ee
1120 973 1194 1020 nos-

175 1092 213 1136 se
230 1067 417 1155 neminem,
429 1069 486 1160 qui
504 1069 625 1138 nostris
649 1069 853 1159 temporibus
873 1070 914 1139 de
934 1070 1030 1140 rebus
1049 1069 1101 1139 his
1119 1079 1191 1138 tom

177 1185 389 1275 eloquenter,
408 1198 543 1278 unique
561 1185 668 1256 [utine
684 1185 855 1277 scripserit
876 1188 890 1278 (
914 1189 946 1278 ).

226 1307 408 1398 Propagata
426 1323 461 1376 et
479 1305 669 1376 confirmata
686 1305 1026 1376 honorificentissimis
1045 1305 1197 1401 hisceju·

178 1418 278 1489 (liciis
296 1418 406 1507 fama,
425 1419 580 1490 honorari
600 1419 785 1511 impensius
803 1420 846 1488 ab
874 1421 1028 1490 omnibus
1047 1439 1081 1491 et
1104 1423 1193 1492 cele-

178 1535 268 1608 brari
287 1539 473 1609 Lastesius.
486 1537 523 1610 Si
543 1538 624 1629 quid
643 1537 866 1630 contingeret,
877 1537 919 1607 de
938 1563 1002 1628 qoo
1021 1537 1131 1630 ample
1145 1539 1193 1609 di-

180 1657 322 1727 cendum
338 1673 442 1743 esset,
461 1680 577 1727 omnes
595 1657 709 1728 statim
728 1658 771 1726 ad
785 1679 862 1726 eum
877 1655 1065 1748 confugere,
1078 1672 1194 1749 putan-

180 1785 230 1839 tes
248 1770 357 1862 ipsum
376 1788 411 1842 et
428 1771 478 1840 rei
497 1768 759 1864 magnitudinem
774 1793 916 1863 aequare
928 1795 1024 1862 posse
1037 1772 1194 1866 eloquen-
1268 1769 1273 1774 ’

182 1888 229 1957 tia
241 1943 250 1971 ,
262 1906 297 1958 et
313 1913 521 1960 communem
536 1890 818 1983 exspectationem
836 1891 1034 1983 implere.1s
1048 1917 1124 1962 oum
1139 1893 1194 1962 do-

179 2001 338 2072 ctissimis
357 2005 436 2075 viris
450 2028 603 2074 exercere
622 2021 738 2074 mutua
754 2004 969 2094 epistolarum
985 2002 1110 2090 officio,
1123 2005 1194 2098 ejus

181 2119 345 2188 emmona
363 2119 493 2210 exquiri
516 2135 552 2187 et
569 2118 684 2186 haberi
705 2117 859 2205 plurimi:
884 2117 976 2186 idem
996 2120 1140 2211 cooptari
1160 2121 1197 2190 in

182 2253 295 2302 coetos
314 2236 533 2305 litteratorem
552 2236 696 2303 virorum
729 2233 920 2324 splendidos
941 2239 1020 2326 (3),
1040 2255 1074 2306 et
1092 2238 1135 2308 ab
1154 2239 1198 2308 iis

184 2343 343 2442 appellari
363 2353 415 2420 vir
432 2351 467 2420 in
485 2351 695 2442 politioribus
714 2375 754 2422 ac
776 2353 995 2424 severioribus
1011 2355 1197 2448 disciplinis

183 2469 349 2540 eximius.
367 2471 477 2541 Tanto
496 2487 567 2541 erut
588 2471 659 2564 ejus
679 2471 848 2541 doetrinae
864 2472 1000 2564 opinio!

228 2593 301 2661 Hac
318 2607 485 2683 permotos
504 2589 692 2662 cardinalis
710 2591 914 2662 Veroneeius
932 2593 1108 2686 episeopus
1136 2609 1199 2686 ρας
1242 2585 1243 2590 ’

183 2706 332 2792 twinus,
350 2705 629 2804 virdootissimus
654 2705 783 2776 curavit
811 2705 923 2796 ipsum
942 2707 993 2776 sui
1018 2707 1197 2780 Seminarii

182 2821 301 2892 cnidiis
328 2820 532 2914 praeficere3
560 2819 660 2910 idque
678 2818 803 2891 diutius
831 2819 976 2888 institit.
1011 2821 1196 2911 Quominos

181 2935 245 3004 hoo
263 2935 354 3006 fieret
366 2986 376 3020 ,
396 2935 490 3025 plora
512 2932 670 3004 obstitere
697 2933 926 3006 incommoda.
956 2937 1050 3004 AEtas
1078 2958 1196 3026 prore·

179 3063 258 3132 cta,
277 3047 430 3118 valetudo
448 3071 514 3117 non
532 3046 614 3116 satis
633 3046 745 3133 firme,
759 3047 950 3139 quiescendi
966 3047 1143 3118 necessitas
1162 3050 1199 3120 iu

184 3191 281 3239 causo
299 3164 411 3253 foere,
428 3190 486 3236 cur
508 3165 538 3237 is
565 3190 586 3235 a
611 3165 783 3236 Cardineli
810 3165 943 3236 veniam
970 3167 1199 3258 impetraverit

184 3281 404 3354 remanendi.
432 3279 572 3372 Scripsit
600 3296 712 3350 umen
744 3278 788 3351 ab
814 3303 855 3350 eo
874 3297 1023 3372 rogatus,
1042 3306 1127 3375 quae
1154 3283 1200 3364 ad

526 3502 860 3532 ΜΜΜΜΜΜΜ

224 3655 276 3735 (ι)
295 3653 332 3716 ln
351 3653 408 3716 elie
426 3668 553 3719 ennom.
573 3655 613 3718 ed
630 3659 708 3722 idem
722 3683 825 3746 poema
842 3661 897 3729 lib.
915 3665 947 3726 t.
965 3683 1032 3748 pag.
1053 3663 1105 3748 95.

212 3759 278 3848 ·(2)
299 3755 350 3821 Ad
369 3779 436 3818 aon.
458 3760 532 3842 1763
552 3781 618 3844 pag.
646 3764 713 3826 185.
1203 3834 1207 3842 ,

225 3863 277 3943 (3)
297 3861 503 3940 Inutipeosem
522 3876 551 3924 et
568 3866 733 3947 patavinam
749 3869 955 3936 Academiam.
970 3871 1032 3958 Qui
1040 3871 1106 3936 huic
1116 3880 1199 3939 erent

185 3965 345 4052 adscripti,
365 3967 535 4032 dicebantur
544 3959 747 4056 'Recupernti

462 4072 508 4129 20
