3259 4959
480 395 591 448 nuncu
609 387 762 444 susouu
780 395 992 450 eoncessum
1175 380 1240 454 531

228 527 321 596 luam
348 539 384 586 se
412 517 551 586 contulit
576 531 610 584 et
636 513 815 582 Hostiliam
847 515 890 584 ad
913 514 1116 586 dirimendas
1143 537 1245 610 quae.

228 636 352 704 stiones
380 652 470 704 ortas
486 635 574 702 inter
593 632 849 722 Rempublicam
869 651 1028 706 venetam
1048 651 1081 703 et
1100 637 1247 714 Mutism

226 753 400 834 Teresiam
418 755 663 844 imperatricem
684 747 855 845 augustam
884 775 926 822 ex
945 771 1154 827 controverso
1174 757 1245 852 jure

226 870 262 952 in
282 864 404 940 flumen
422 875 616 950 Tartarum.
637 872 693 942 Sic
711 873 768 942 ille
796 873 881 948 inita
909 874 997 963 apud
1017 873 1126 966 plures
1155 877 1245 970 opti·

225 1008 332 1060 mates
359 990 462 1082 gratia
491 983 653 1063 Venerius
672 992 787 1076 rediit,
806 992 921 1083 ibique
953 991 1082 1065 functus
1104 1005 1154 1062 est
1180 996 1262 1076 ali-¹

225 1109 370 1196 quandiu
389 1109 532 1199 publicis
552 1109 742 1181 muneribus
761 1133 837 1178 cum
857 1110 1026 1186 Lastesio,
1048 1111 1149 1180 Paulo
1170 1127 1246 1202 post

228 1245 337 1290 rursus
357 1223 509 1291 discessit
528 1242 604 1289 cum
624 1237 797 1312 provectae
815 1221 954 1310 aetatis,
980 1239 1049 1291 tum
1078 1225 1249 1318 chiragrae

227 1335 381 1416 molestia
401 1333 556 1412 allectus:
578 1359 617 1401 ac
647 1356 682 1402 se
706 1334 832 1429 recepit
862 1333 897 1402 in
916 1334 950 1410 S.
981 1333 1159 1410 Salvatoris
1190 1361 1248 1408 ca-

226 1465 331 1521 strum
349 1452 491 1545 benigue
511 1469 666 1543 exceptus
685 1479 704 1527 a
725 1454 933 1524 nobilissima
954 1451 1082 1532 familia
1103 1455 1144 1526 de
1164 1456 1245 1525 Col-

228 1566 335 1655 laltis,
354 1572 445 1664 cujus
471 1571 689 1664 jurisdictioni
709 1589 742 1642 et
763 1575 917 1663 potestati
941 1573 1029 1642 locus
1049 1573 1111 1642 'ille
1142 1573 1247 1642 obno-

228 1688 323 1772 rrius.
344 1692 474 1759 Ibidem
497 1691 617 1763 marisit
637 1702 704 1760 tota
723 1693 816 1774 vita,
836 1707 870 1759 et
889 1691 954 1763 alia
984 1689 1152 1781 quaelibet
1180 1689 1247 1762 sibi

228 1804 363 1890 oblata,
392 1807 468 1884 licet
498 1806 690 1896 splendida,
718 1805 882 1884 recusavit
900 1781 1029 1891 olficia,
1056 1801 1166 1874 eidem
1196 1801 1248 1875 fa-

228 1917 343 1997 miliae
363 1917 589 1998 deditissimus
608 1938 684 1997 cum
703 1938 745 1986 ex
760 1919 843 2008 grati
860 1916 964 1987 animi
980 1940 1079 1992 seusu
1089 1970 1099 2002 ‚
1111 1933 1181 1986 tum
1196 1941 1251 1988 ve·

228 2057 265 2108 ro
284 2037 430 2106 maxime
450 2061 493 2106 es
512 2037 576 2107 lide
596 2037 673 2106 dota
693 2037 838 2117 invicem
857 2051 891 2112 et
919 2049 1104 2105 contracta:
1135 2034 1251 2128 ibique

226 2154 343 2228 eadem
362 2157 465 2238 obiit,
485 2179 569 2245 quae
588 2156 676 2244 apud
696 2155 844 2222 Venetos
863 2169 979 2238 antea,
1000 2177 1156 2223 munera.
1182 2155 1246 2226 Gna

226 2272 272 2347 ris
291 2289 325 2339 et
345 2273 511 2340 laboribus
527 2296 594 2340 non
616 2272 782 2361 pepercit,
801 2287 839 2340 ut
869 2265 1073 2342 sartatecta
1101 2287 1247 2352 servaret

228 2386 444 2473 amplissimis
472 2386 550 2454 viris
582 2385 783 2468 domesticae
811 2385 947 2456 ditionis
970 2383 1076 2490 jura,
1108 2385 1243 2478 titulos,

230 2498 423 2600 privilegia,

282 2610 484 2702 Saepissime
504 2613 670 2685 consultus
689 2639 708 2693 a
728 2613 904 2683 clientibus
917 2613 959 2683 ‹ls
978 2613 1048 2710 jure
1063 2613 1251 2706 respondit,

229 2741 264 2794 et
286 2724 421 2793 tradidit
439 2726 636 2794 sententiam
657 2727 802 2818 scripto.
818 2729 890 2798 Nec
911 2729 985 2796 ideo
1005 2728 1181 2797 intermisit
1196 2745 1253 2819 po«

227 2835 348 2918 litionis
368 2839 536 2909 doctrinae
562 2841 690 2910 studia.
715 2841 899 2910 Plurimum
920 2841 1143 2914 delectabatur
1165 2841 1250 2910 scria

228 2951 378 3044 ptoribus
393 2977 469 3021 cum
489 2953 614 3046 graecis
633 2970 667 3022 et
686 2954 816 3040 latinis,
831 2971 901 3034 tum
921 2953 1022 3024 etiam
1040 2953 1250 3032 italis.Cum

228 3069 302 3154 liis,
321 3095 386 3161 qua
405 3089 552 3162 poterat,
572 3074 768 3143 assiduitate
787 3073 1004 3162 versabatur3
1024 3095 1099 3141 curn
1119 3070 1173 3145 his
1200 3072 1253 3142 vi-

228 3189 346 3260 vebat.
362 3189 500 3260 Nullum
520 3209 651 3284 tempus
670 3192 720 3263 illi
751 3215 910 3284 umquam
932 3189 1069 3264 vacabat
1089 3215 1109 3259 a
1135 3190 1254 3261 lectio-

228 3325 288 3390 ne,
303 3311 600 3396 commentatione,
615 3328 670 3398 et,
687 3311 745 3382 ubi
757 3313 879 3384 liceret
901 3311 951 3380 illi
970 3333 1028 3400 per
1045 3307 1254 3399 chiragram,

229 3425 465 3516 ascriptione.
490 3431 575 3498 Italo
600 3454 751 3500 sermone
781 3429 918 3522 scripsit
941 3429 977 3506 in
995 3429 1111 3496 luxum
1141 3426 1249 3496 dialo-

233 3561 312 3629 gos,
336 3538 455 3640 quibus
483 3541 624 3634 plurima
642 3545 852 3620 continentur
875 3543 971 3618 utilia
989 3541 1152 3612 moribus.
1178 3544 1248 3613 llos

234 3657 304 3726 stili
326 3657 448 3729 sanitas
467 3675 501 3737 et
519 3661 661 3736 eruditio
681 3661 910 3743 commendat.¹
929 3661 1046 3732 Adbuc
1071 3675 1183 3731 tomen
1197 3685 1252 3731 ca·

234 3787 308 3841 rent
333 3773 406 3842 lucc
429 3773 582 3866 publica.
601 3777 725 3846 Carent
751 3793 785 3847 et
804 3777 870 3846 alia
897 3774 1079 3868 quaedam,
1109 3773 1248 3866 quaein

236 3883 352 3956 italam
372 3887 519 3979 linguam
538 3891 635 3960 vertit
653 3913 696 3960 ex
714 3890 853 3984 gallica3
872 3905 905 3962 et
924 3913 1010 3984 quse
1028 3889 1161 3960 aliunde
1179 3887 1250 3957 col·
1327 3935 1328 3938 =

235 3999 319 4096 legit
338 4020 372 4075 et
390 4007 524 4100 scripsit
541 4007 585 4079 ad
602 4008 718 4080 civiles
737 4008 940 4106 pertinentis
957 4009 1048 4102 leges
1073 4021 1109 4078 et
1133 3999 1250 4093 crinsi-²
