3259 4959
381 368 451 435 ato
861 368 949 425 mut

433 494 675 569 bibliothecam
694 491 892 563 instruxerat
905 488 1040 577 multia,
1053 487 1162 581 iisque
1180 489 1329 581 optimae
1348 517 1406 565 no·

385 634 439 687 tae
457 614 572 700 libris,
591 638 656 684 nou
675 614 718 685 ad
736 612 992 683 ostentationem
1020 633 1059 681 ao
1078 632 1260 700 pompam,
1280 612 1339 681 aed
1359 615 1403 686 ad

309 736 312 745 '
387 755 482 802 suum
503 747 537 801 et
555 728 694 798 aliorum
714 752 833 797 usum.
854 727 996 819 Elegans
1013 722 1049 793 in
1064 722 1236 811 omnibus,
1251 750 1316 795 non
1333 752 1406 798 ma·

384 844 538 939 guilicua3
551 840 760 936 splendidus,
771 864 836 909 non
848 855 1057 931 sumptuosus
1068 890 1076 906 .
1089 837 1191 925 Aliis,
1203 840 1312 930 quoad
1326 859 1399 933 pot.

383 978 476 1049 erat,
498 960 688 1051 indulgens,
705 960 758 1030 sui
776 983 893 1029 censor
910 982 1042 1031 severus
1051 1010 1062 1043 ,
1082 956 1265 1027 amicorum
1285 975 1399 1031 autem

382 1078 570 1149 studiosus.
599 1072 791 1145 l'etentibua
822 1073 955 1159 aderat,
982 1096 1047 1141 non
1076 1069 1267 1166 petentibus
1295 1072 1399 1143 etiam

381 1198 468 1269 ultro
486 1194 695 1279 occurrebat,
705 1193 762 1263 ubi
778 1191 850 1286 ejus
868 1215 967 1281 opera
985 1189 1224 1283 indiguissent.
1238 1188 1310 1260 Sibi
1325 1216 1400 1283 par-

381 1335 460 1397 cus,
478 1310 586 1403 largus
606 1308 642 1377 in
661 1309 762 1392 alios,
784 1306 961 1399 praecipue
979 1305 1014 1375 in
1033 1327 1170 1397 egenos,
1188 1306 1223 1374 in
1243 1328 1300 1375 eos
1317 1330 1397 1397 prae

379 1428 518 1512 ceteris,
537 1448 619 1519 quos
648 1422 759 1517 palam
788 1424 999 1511 mendicare,
1026 1436 1062 1493 et
1088 1422 1212 1493 rictum
1240 1446 1397 1516 quaerere

377 1538 533 1629 prohibet
551 1537 766 1607 verecundia.

424 1657 492 1728 Vel
511 1656 632 1748 ignotis
644 1681 721 1727 eum
739 1653 995 1725 commendabat
1013 1654 1171 1725 naturalis
1190 1654 1326 1747 quidum
1348 1652 1399 1727 in-

376 1790 500 1864 genuus
518 1769 645 1863 pudor,
668 1792 711 1839 ex
728 1769 801 1863 ipso
821 1770 892 1864 ejus
916 1769 1008 1839 vultu
1026 1769 1197 1856 emicans,
1224 1772 1325 1839 oculis
1355 1794 1394 1841 ac

379 1883 504 1955 fronte.
521 1886 601 1959 Erat
618 1882 677 1953 ille
696 1882 876 1956 acerrimus
895 1905 1050 1951 sensuum
1064 1898 1173 1951 custos
1183 1936 1194 1971 ,
1213 1882 1295 1953 adeo
1308 1900 1343 1953 ut
1356 1910 1395 1952 a-

377 2002 536 2095 liquando
552 2001 717 2073 videretur
729 2000 878 2092 refugere
892 1999 994 2071 etiam
1012 2000 1267 2074 domesticorum
1279 2001 1394 2093 adspe-

370 2132 489 2185 ctum.
517 2112 696 2209 Magnifice
715 2114 756 2185 de
782 2114 858 2184 aliis
878 2113 1094 2207 praedicans,
1114 2112 1256 2183 demisse
1282 2114 1394 2183 omni-

377 2258 421 2303 no
440 2233 482 2303 de
512 2256 548 2303 se
567 2230 749 2303 sentiebat.
769 2234 880 2325 Quare
898 2231 964 2302 sibi
984 2229 1155 2315 diflidens,
1174 2256 1232 2304 sua
1255 2233 1393 2325 quibus-

377 2352 455 2423 dam
476 2351 593 2423 amicis
610 2353 720 2445 legere
738 2368 970 2438 consueverat,
989 2366 1121 2443 paratus
1140 2374 1252 2422 eorum
1270 2352 1394 2448 judicio

377 2470 495 2541 eadem
515 2471 567 2540 vel
586 2472 762 2541 emendare
781 2472 835 2541 uel
854 2470 986 2541 tollere.
1008 2472 1079 2540 Hoc
1099 2470 1195 2561 quale
1214 2470 1260 2539 sit
1270 2523 1281 2556 ,
1309 2468 1393 2541 laci-

374 2584 440 2655 lius
459 2582 644 2681 judicabit,
663 2584 861 2678 quicumque
881 2582 1150 2653 animadverterit
1172 2580 1317 2653 indolem
1333 2582 1392 2652 hu-

378 2720 498 2769 manae
518 2697 658 2784 mentis,
678 2722 761 2789 quae
777 2697 957 2789 impatiens
977 2696 1154 2789 superioris
1162 2726 1173 2785 3
1193 2696 1282 2767 unde
1293 2698 1392 2769 illud:

429 2815 494 2907 Qui
513 2816 594 2887 velit
609 2816 743 2909 ingenio
762 2813 895 2903 cedere,
914 2813 1026 2885 nullus
1043 2814 1129 2886 erit.

423 2932 496 3000 Hae
515 2930 573 3000 ille
591 2930 756 3001 sentiendi
776 2930 818 2999 de
836 2954 872 2999 se
888 2930 1051 2998 modestia
1070 2928 1136 2999 sibi
1156 2931 1305 2999 omniurn
1325 2931 1394 2999 ani-

376 3070 450 3117 tuos
469 3046 701 3117 conciliaverat
712 3098 722 3132 ,
742 3062 895 3135 arctoque
914 3045 1120 3113 devinxerat.
1141 3046 1251 3114 Nemo
1269 3048 1322 3117 illi
1338 3051 1395 3120 ob·

377 3163 540 3235 tractabat
552 3162 704 3249 invidus,
723 3186 822 3232 nemo
841 3159 1006 3231 infensus.
1026 3161 1084 3231 Illi
1102 3162 1191 3253 ipsi,
1208 3162 1265 3255 qul
1284 3166 1393 3239 laudis

376 3277 520 3363 aemuli,
544 3276 614 3373 ejus
638 3293 731 3345 erant
746 3275 949 3344 laudatores:
968 3274 1010 3342 ad
1028 3274 1065 3343 id
1082 3297 1148 3342 non
1168 3298 1284 3367 parurn
1312 3303 1393 3349 uou-

375 3396 453 3466 tulit
482 3397 583 3467 etiam
611 3396 806 3465 suavissima
834 3418 963 3465 morum
987 3392 1135 3480 indoles,
1155 3395 1336 3486 plurimum
1354 3398 1391 3471 in

376 3540 417 3587 eo
434 3516 598 3587 laudanda
610 3571 617 3587 .
631 3518 710 3589 Erat
730 3516 820 3587 enim
833 3533 949 3586 natura
961 3514 1200 3607 aliquantulum
1216 3514 1389 3590 irritabili.

421 3628 581 3703 Praefecti
597 3634 778 3704 studiorum
792 3654 913 3703 munus
930 3645 1018 3700 recte
1037 3628 1194 3699 sustinuit
1205 3629 1315 3720 plures
1333 3654 1391 3700 an-

374 3768 455 3817 nos.
476 3750 531 3822 Ne
555 3752 631 3842 quid
655 3752 957 3842 praetermitteret,
983 3744 1089 3817 labori
1121 3769 1300 3839 numquam
1328 3770 1388 3837 pe-

374 3867 504 3958 percit,
523 3870 693 3939 adomnia
716 3886 905 3963 promptus.
924 3866 1060 3939 Sclrolas
1086 3861 1272 3957 frequenter
1293 3864 1384 3933 idem

377 3977 550 4072 inrisere,
577 3984 724 4079 illudque
746 3985 789 4059 ‚in
807 3981 925 4079 primis
943 4003 1058 4053 cavere
1070 4032 1082 4069 ,
1103 4002 1146 4090 ne
1172 3979 1251 4072 quid
1279 3976 1356 4050 noui
1373 4007 1386 4068 3
