3259 4959
526 351 661 412 mcum
680 347 876 406 scum
922 359 931 370 ·
1149 321 1218 400 255

199 503 263 576 εις
282 503 420 578 quarum
438 502 505 550 uns
521 468 701 548 zacheum
718 467 838 573 Garrah
847 521 858 556 ,
874 467 976 542 altera
991 460 1126 540 Aurelio
1139 467 1220 540 iles·

199 604 332 690 sonieo,
351 600 481 692 utrique
498 590 643 691 patricio
660 607 795 677 veneto,
812 588 1010 682 dignitatem
1032 602 1221 678 procuratos

202 719 249 787 ris
268 714 514 809 amplissimam
534 709 715 803 gratulatur
731 729 799 776 nos
816 705 939 776 diserte
959 701 1069 774 uinus
1089 751 1100 786 ,
1120 724 1221 792 qsasa

198 829 400 903 sententiose
418 842 453 898 et
470 815 627 917 graviter}
646 834 681 894 ct
707 815 813 892 oratio
830 813 967 911 quidem
991 808 1033 888 de
1060 809 1220 888 dachsria

200 943 340 1028 Cauali,
369 938 579 1033 paucissimis
606 928 813 1019 immutatis,
840 931 904 1006 luit
930 947 1040 1004 rursm
1059 929 1103 1002 ab
1133 928 1219 1019 atio,

199 1056 393 1152 nescioquas
419 1053 545 1138 fronte,
576 1042 731 1124 venenis
749 1047 839 1123 odiu
858 1047 912 1140 (ι)
931 1071 1017 1120 suso
1039 1049 1126 1140 1762
1145 1070 1222 1120 cum

199 1171 414 1250 Sebastianus
432 1171 599 1247 Venerius
615 1168 686 1238 diri
700 1167 811 1240 Maur
828 1165 1046 1256 procuratoris
1061 1165 1222 1258 dignitate

199 1307 335 1378 auctus,
360 1291 514 1366 eamdem
533 1289 679 1380 primum
699 1285 797 1359 inivit
815 1285 890 1378 (a)s
910 1284 987 1358 ntia
1006 1278 1148 1374 pdsdrna
1166 1306 1221 1354 re-

198 1409 302 1502 liquit·
316 1405 443 1483 inedita
465 1406 510 1481 ad
535 1404 783 1499 philosophiam
801 1400 1023 1494 pertineatis·
1043 1398 1220 1474 Servantus

200 1526 267 1596 ista
284 1527 328 1598 ab
346 1521 544 1600 heredibus

245 1642 299 1713 nd
319 1641 400 1710 haec
420 1639 544 1733 ingenii
564 1637 682 1708 decora
700 1632 802 1708 etiam
822 1633 927 1706 animi
956 1633 1042 1705 hona
1070 1655 1220 1704 accesse-

199 1769 292 1824 sant⁴
312 1756 360 1824 Ut
379 1776 438 1822 suo
466 1753 594 1822 muneri
625 1749 829 1822 satisfaceret
840 1803 851 1836 ‚
870 1749 1044 1821 laboribus·
1063 1771 1130 1817 non
1158 1769 1220 1838 pe-

198 1872 325 1963 percit.
345 1868 547 1942 cathedram
567 1864 715 1965 qnotidie
734 1867 953 1955 adscendere,
972 1869 1063 1960 operi
1088 1866 1219 1964 assidue

201 1991 326 2061 instare
345 1990 447 2060 etiam
469 2007 635 2082 postrema
655 1997 762 2060 aetate
782 1973 927 2058 solebat.
948 1989 1022 2057 Nec
1046 2001 1219 2078 propterea

202 2102 353 2173 canonici
372 2102 481 2172 silicio
499 2105 631 2172 deerat.-
652 2103 737 2172 Cum
758 2100 834 2168 aliis
853 2116 887 2168 et
905 2099 978 2190 ipse
991 2095 1122 2186 aderat,
1141 2125 1218 2192 quo-

201 2213 265 2288 ties
285 2227 529 2310 potera13suas
553 2231 661 2307 partes
680 2217 793 2286 sedulo
813 2215 943 2284 obibat.
963 2215 1053 2308 Quin
1074 2217 1219 2309 aliquan-

199 2333 243 2401 do
260 2319 426 2413 ferebatur
448 2329 534 2397 ultro
553 2328 719 2421 citroque,
737 2343 774 2398 ut
800 2340 975 2420 utrumque
1003 2351 1121 2400 munus
1152 2329 1219 2398 im·

157 2431 164 2442 ⁰
200 2437 327 2535 pleret,
345 2460 380 2513 et
399 2441 525 2534 publici
545 2435 737 2534 professoris
756 2425 883 2514 scilicet
902 2458 936 2511 et
953 2442 1126 2513 canonici.
1151 2443 1219 2514 Ni-

200 2561 252 2630 hil
279 2556 346 2635 sibi
374 2576 562 2652 arroganter
589 2561 773 2647 tribuebat,
802 2563 950 2633 modeste
969 2557 1012 2630 de
1031 2584 1067 2631 se
1095 2561 1218 2633 sentire

203 2679 342 2765 solitus,
361 2696 396 2749 et
415 2673 527 2772 loqui.
544 2679 788 2767 Seminarium,
807 2681 895 2754 unde
914 2681 1127 2766 discesserat,
1147 2705 1222 2772 gra-

201 2807 236 2862 ta
248 2790 472 2862 recordatione
488 2793 764 2885 prosequebatur.
777 2789 925 2866 Clerieos
940 2793 1134 2889 aliquandiu
1145 2795 1220 2867 sub-

201 2910 314 2980 sicivis
332 2910 422 2979 horis
439 2907 635 2982 erudiendos
654 2914 787 3005 excepit
805 2908 1040 2985 Montesilice.

245 3024 436 3094 Amicorum
465 3023 630 3096 studiosus
657 3028 794 3100 eosdem
814 3028 944 3099 colebat
961 3027 1131 3120 impense:
1161 3028 1216 3102 his
1327 3060 1330 3066 ·

199 3139 372 3233 gratificari
381 3195 393 3228 ,
412 3141 464 3211 his
483 3137 713 3228 benefacere,
731 3162 766 3214 et
783 3145 899 3214 adesse
918 3145 951 3214 in
971 3145 1124 3218 omnibus
1144 3171 1216 3217 mos

199 3258 252 3325 illi
271 3273 359 3326 erat.
387 3261 512 3329 Horum
536 3261 640 3354 gratia
668 3261 751 3331 alios
778 3261 913 3350 adibat,
932 3287 988 3334 eos
1013 3265 1216 3354 prensabat,

198 3373 242 3442 iis
260 3373 486 3463 supplicabat,
500 3378 626 3447 nullum
646 3375 837 3470 defugiebat
859 3380 1125 3452 incommodum.
1141 3381 1214 3452 Nec

200 3485 237 3558 in
265 3485 390 3557 amicos
421 3502 564 3576 tanturn,
582 3508 654 3561 erat
680 3492 716 3560 in
743 3517 861 3563 omnes
894 3493 1077 3586 benignus,
1094 3494 1215 3569 huma-

543 3695 876 3727 mmm

243 3858 293 3936 (r)
313 3857 408 3940 Typis
429 3859 549 3920 Antonii
565 3859 673 3925 Zatta.

244 3961 293 4039 (2)
314 3959 392 4030 Vide
410 3960 439 4024 la
464 3962 600 4032 Minerva
619 3986 698 4031 uum.
716 3967 766 4038 Xl
783 3967 921 4034 Genuam
945 3969 1020 4054 1762
1039 3989 1109 4055 pag.
1130 3989 1199 4058 rap.
