3259 4959
426 327 495 401 226
884 343 969 397 rr'rt

426 470 528 539 vertit
545 490 587 540 ex
606 468 744 562 gallica,
767 469 876 540 studio
904 466 1095 559 religionis,
1129 466 1164 537 iu
1183 489 1282 559 quam
1308 494 1449 565 propert.

425 610 499 657 sum
518 610 554 655 se
576 587 722 657 ostendit
739 601 775 655 et
794 588 863 655 suis
884 584 1104 656 carminibus.
1122 585 1176 656 0b
1194 589 1347 659 eamdem
1368 616 1448 661 oau-

425 725 497 769 eam
508 722 617 769 sacras
636 700 737 769 etiarn
753 700 925 792 scripsisse
944 700 1065 770 dicitur
1083 701 1263 789 orationes,
1275 727 1359 795 quae
1375 708 1449 776 oul-

424 820 467 886 tis
496 818 531 887 in
555 817 637 887 locis
658 819 766 891 multe
798 844 873 889 cum
893 820 990 890 laude
1010 836 1189 911 exceptae.
1210 822 1291 891 Erat
1309 822 1391 915 illi(
1409 832 1447 893 ut

419 938 531 1029 ajebat
551 938 647 1030 ipse)
664 939 717 1010 vel
737 941 849 1031 ampla
868 940 1029 1023 eruditio,
1049 939 1170 1025 nihili,
1192 938 1223 1009 si
1240 965 1259 1010 a
1278 941 1445 1032 probitate

421 1051 607 1146 disjuncta5
628 1053 774 1143 probitas
794 1078 870 1123 vero
888 1054 925 1123 in
942 1053 1070 1143 pretio,
1088 1049 1142 1123 vel
1160 1078 1278 1145 expers
1301 1055 1443 1127 litteris.

423 1166 501 1244 Fuit
522 1189 617 1256 porro
636 1164 707 1261 ejus
727 1167 795 1237 vita
812 1192 887 1237 cum
907 1166 1054 1235 oratione
1073 1167 1302 1237 consentiens.

469 1284 692 1356 Seminarium
706 1286 834 1377 optime
850 1287 963 1355 llorere
980 1279 1149 1375 cupiebat,
1163 1284 1358 1377 praesertim
1376 1312 1446 1358 ωο-

423 1402 534 1489 ribus,
553 1403 689 1499 ejusque
708 1405 808 1476 decus
827 1430 958 1498 semper
976 1403 1011 1475 in
1030 1404 1138 1498 maius
1157 1405 1309 1496 provehi.
1329 1408 1445 1497 Ipsum

424 1536 490 1584 uon
511 1542 583 1587 raro
602 1517 736 1605 adibat,
755 1518 931 1610 praecipue
951 1518 1187 1588 bibliothecam
1201 1571 1210 1602 ‚
1223 1535 1258 1588 et
1273 1518 1445 1589 litterariis

423 1629 732 1717 exercitationibus,
751 1655 835 1723 quae
854 1632 889 1699 in
909 1655 949 1701 eo
968 1630 1100 1721 publice
1116 1629 1231 1701 haberi
1249 1631 1376 1718 solent,
1394 1634 1444 1703 iu·

426 1764 568 1834 tereret,
588 1749 698 1819 eidem
719 1752 866 1820 maxime
885 1750 1055 1821 addictus.
1084 1788 1103 1799 κ

469 1866 557 1933 Usus
580 1861 686 1935 iuerat
704 1888 859 1956 prospera
882 1864 1071 1935 valetudine
1093 1864 1259 1956 usquead
1286 1863 1441 1935 ultimum

422 1978 513 2048 ritae
538 1995 689 2070 tempus,
716 2004 791 2049 curn
819 1980 997 2069 derepente
1015 1976 1164 2048 laborare
1183 1977 1294 2070 coepit
1310 2001 1354 2047 ex
1377 1978 1447 2048 dis·

423 2097 586 2167 solutione
615 2097 857 2169 membrorum.
881 2097 1046 2185 Dolebat,
1074 2121 1132 2166 suo
1148 2121 1184 2167 se
1202 2121 1267 2165 non
1286 2090 1381 2186 posse
1405 2096 1442 2166 in

425 2229 595 2304 posterum
615 2211 703 2305 iungi
726 2236 881 2299 munere3
900 2212 1032 2282 divinae
1051 2228 1163 2281 tamen
1181 2209 1338 2279 voluntati
1356 2232 1444 2299 pror-

424 2352 481 2397 sus
493 2328 722 2421 acquiescens,
735 2326 858 2396 doloris
876 2326 947 2397 vim
960 2326 1187 2417 temperabat.
1200 2324 1336 2416 Aliquot
1353 2347 1444 2393 men.

423 2462 478 2515 ‘ses
497 2470 572 2516 cum
596 2469 636 2517 eo
654 2445 815 2531 luctatus,
843 2446 887 2516 ad
913 2463 1100 2517 extremum
1120 2445 1223 2515 victus
1242 2444 1368 2513 Patavii
1392 2466 1445 2511 oc·

417 2564 542 2634 cubuit
560 2568 647 2636 XVI
674 2566 744 2635 Cal.
766 2569 868 2635 Mart.
895 2590 970 2636 ann.
994 2566 1081 2660 1795
1109 2565 1197 2635 vitae
1216 2580 1309 2635 sexto
1338 2587 1376 2633 ac
1394 2586 1446 2634 se.

427 2683 634 2775 ptuagesimo
653 2682 710 2753 vix
729 2686 909 2775 completo.

470 2796 600 2866 Acerba
618 2796 766 2888 pluribus
782 2798 853 2892 ejus
872 2822 981 2883 mors,
1000 2822 1100 2889 quam
1116 2794 1251 2867 deflerit
1274 2794 1443 2866 concinnis

422 2925 458 2981 et
475 2910 680 3001 elegantibus
705 2912 954 3003 epigrammatis
973 2912 1165 2981 Franciscus
1192 2907 1376 2977 Pimbiolus
1401 2908 1443 2976 de

423 3027 652 3119 Eugelfreddis
681 3030 857 3099 obstrictus
886 3052 1083 3119 magnopere
1103 3026 1276 3108 sibiliam,
1297 3025 1388 3119 cujus
1412 3025 1443 3095 i-

422 3143 592 3235 maginem
622 3166 755 3212 noscere
786 3142 972 3211 volentibus
1004 3140 1059 3208 hic
1092 3137 1253 3229 subjicio.
1283 3140 1360 3207 Fuit
1386 3138 1445 3208 ille

423 3254 618 3342 decentior,
638 3280 737 3345 quom
755 3252 931 3325 snblirnior
950 3257 964 3346 (
970 3260 1022 3345 1),
1041 3251 1163 3341 capillo
1183 3250 1274 3341 nigro
1285 3302 1296 3335 ,
1315 3252 1382 3321 lata
1407 3270 1443 3322 et

424 3393 616 3467 exporrecta
636 3374 756 3460 fronte,
776 3373 896 3444 vividis
915 3373 1038 3453 oculis,
1055 3370 1186 3442 modice
1205 3370 1326 3439 inflexo
1344 3394 1444 3456 naso,

423 3506 495 3564 tota
513 3496 657 3589 corporis
674 3493 931 3565 conformatione
950 3493 1107 3563 decoms.
1126 3492 1270 3563 Joaunes
1293 3486 1442 3577 Baptista

426 3610 537 3685 fratris
556 3616 662 3703 filius,
682 3616 775 3685 heres
796 3615 843 3685 rei
865 3615 934 3711 ejus
953 3611 1154 3686 domesticae
1179 3624 1214 3681 et
1242 3606 1443 3698 litterariae,

770 3821 1101 3851 ἊΜΜΜΜΜΜΜΜ

472 3994 521 4073 (r)
542 3987 641 4056 Tacit.
663 3988 695 4053 iu
712 3989 811 4075 Agris.
832 4008 895 4073 cap.
916 3992 965 4069 44.
