3259 4959
587 373 769 426 rnancracr
786 375 939 424 cananis
1223 379 1274 454 99

258 482 397 577 deique
411 482 687 576 regionibue‚qua
704 484 805 557 editis
824 486 1013 578 libris,qua
1028 487 1173 562 virorum
1181 493 1274 583 prin-

259 601 371 692 cipum
388 601 593 694 benignitate
612 598 775 689 fruentes,
801 603 969 694 praeclara
988 604 1023 673 in
1046 605 1119 676 luce
1147 609 1269 680 serrati

260 735 336 788 sunt
342 747 354 809 3
371 720 520 791 omniurn
538 720 717 811 praeeonio
731 721 844 814 digni,
857 723 945 814 quod
964 722 1040 794 aliis
1058 749 1134 796 oum
1153 729 1273 800 doetri-

260 857 323 920 na,
343 851 412 908 turn
431 838 559 930 pietate
574 861 617 910 ae
631 837 795 929 religione
809 835 1059 929 praefulserint.

307 957 441 1040 Poetioa
466 957 630 1055 quaedam
656 971 788 1026 exstant
799 1009 810 1043 ,
829 955 951 1047 scripta
975 980 1040 1028 non
1059 981 1124 1030 una
1140 957 1273 1052 lingua,

260 1097 344 1163 quae
361 1074 500 1152 canalia
516 1097 637 1145 nomen
655 1090 867 1166 praeponant
878 1126 886 1143 .
897 1078 1037 1144 Exstaru
1045 1127 1058 1160 ,
1071 1074 1206 1167 inquam
1216 1130 1228 1163 ,
1238 1078 1275 1147 in

260 1186 444 1269 Academia
462 1185 579 1256 habita
597 1187 633 1256 in
660 1183 776 1256 benere
797 1184 952 1278 Gregorii
978 1185 1166 1258 Cardinalis
1192 1189 1275 1276 Bar-

261 1303 373 1373 badioi
393 1303 439 1373 ab
455 1304 598 1373 alumnia
617 1303 796 1375 seminarii
829 1302 1006 1392 patavini,
1028 1319 1063 1372 et
1082 1304 1174 1395 typis
1190 1304 1280 1398 ejus-

262 1422 341 1492 dem
363 1422 454 1493 edita
473 1446 559 1492 anno
582 1423 682 1515 1697.
699 1424 742 1492 In
758 1419 942 1492 cathedrali
960 1421 1042 1493 aede
1067 1420 1167 1515 hujus
1183 1422 1278 1491 urbis

262 1559 349 1607 anno
385 1536 473 1627 1704
498 1537 694 1606 Franciscne
715 1533 862 1606 obtinuit
886 1525 1134 1622 sacerdotium,
1158 1535 1281 1606 dimis-

262 1677 337 1726 surn
354 1679 374 1726 a
392 1657 522 1726 Joanne
537 1655 691 1748 Baptista
705 1649 805 1724 fratre
824 1653 878 1746 (1)
898 1653 1003 1724 electo
1022 1654 1057 1724 in
1080 1654 1313 1742 canonicatu·¹

607 1860 940 1889 ΜΜΜΜΜΜ

301 2005 351 2087 (ι)
372 1993 465 2070 Noui
482 2002 531 2066 bie
549 2017 592 2065 est
610 2001 788 2077 Melaenae,
808 2023 868 2062 non
885 2001 971 2082 longe
993 2001 1030 2064 ab
1049 2003 1156 2088 oppido
1176 2005 1279 2068 Maro·

260 2113 400 2189 stieensi,
419 2133 494 2175 anno
520 2111 610 2180 rusa,
629 2111 674 2170 111
702 2108 767 2171 Cal.
786 2107 904 2190 Maias.
922 2109 953 2168 A
972 2107 1103 2192 Collegio
1122 2112 1277 2186 trestensi,

260 2215 312 2276 ubi
330 2216 423 2274 luerat
442 2211 624 2294 grammatica
641 2209 821 2268 institutione
842 2207 1003 2290 praecultus
1015 2253 1028 2284 ,
1039 2209 1071 2272 in
1089 2211 1280 2274 Seminarium
1360 2263 1363 2270 .

261 2318 428 2402 patarinum
445 2317 615 2376 transfertur
631 2312 710 2374 Non.
732 2313 877 2374 Novemb.
899 2314 968 2376 anni
994 2316 1085 2398 1672,
1102 2313 1277 2375 humaniori-

261 2417 317 2480 bus
336 2418 439 2478 litteris
458 2414 646 2477 imbuendus.
674 2415 778 2476 Postea
803 2437 821 2475 a
839 2415 873 2477 B.
895 2414 1039 2498 Gregorio
1055 2413 1215 2480 barbadioo
1245 2421 1278 2479 in

264 2525 437 2588 Oblatornm
466 2521 724 2605 Congregationenr
741 2521 933 2601 adscribitur,
954 2523 1032 2604 quod
1061 2523 1106 2586 illi
1126 2525 1199 2586 verti
1226 2525 1279 2586 de·

263 2631 315 2692 bet
334 2651 454 2712 magnae
473 2629 573 2695 laudi.
602 2633 637 2692 ln
655 2630 728 2691 bane
748 2631 824 2691 enim
843 2629 1066 2692 admittebantur
1084 2632 1282 2696 tantummodo

261 2734 311 2815 qui
330 2731 395 2793 aliis
414 2744 593 2821 praestarent
609 2753 669 2795 non
686 2733 782 2794 minua
800 2731 906 2794 litteris
926 2747 956 2795 et
974 2734 1107 2821 ingenio,
1125 2756 1209 2814 qnam
1226 2757 1277 2798 ve-

262 2859 312 2898 rae
329 2836 446 2921 pietatis
462 2836 581 2898 studio.
608 2835 689 2918 Quin
719 2835 814 2923 ipsum
843 2833 1011 2917 aliquandiu
1030 2855 1095 2898 erse
1110 2835 1203 2898 voluit
1230 2839 1279 2898 vir

263 2940 366 3005 beatus
389 2931 466 3005 inter
481 2962 548 3004 snos
568 2939 679 3002 aulicos
696 2959 733 3001 aa
751 2937 937 3015 domesticos,
958 2940 1009 3022 qui
1027 2940 1083 3002 riri
1103 2939 1200 3002 eximii
1212 2966 1222 3015 ς
1235 2963 1279 3002 sa-

264 3051 322 3112 cris
340 3050 480 3114 reditibus
499 3069 560 3112 non
578 3047 666 3110 semel
683 3047 873 3119 auxit,inter
887 3050 1039 3130 magistrun
1055 3048 1209 3116 seminarii
1227 3049 1279 3108 bu·

262 3159 308 3240 jus
327 3159 454 3241 excepit,
473 3158 559 3240 eique
583 3153 739 3219 tradendae
767 3154 981 3220 eoelesiastioae
1000 3153 1149 3216 Historiae
1172 3176 1276 3218 rnunus

266 3261 427 3337 commisit,
448 3259 633 3342 geographiae
649 3258 850 3342 peritissimo.
866 3255 1014 3324 Debemus
1033 3260 1091 3344 ipsi
1107 3272 1167 3320 tum
1192 3279 1278 3340 gene·

266 3359 355 3422 ralern
374 3359 474 3421 mundi
492 3363 601 3438 totius,
616 3374 676 3421 tum
687 3359 862 3441 singularum
872 3375 994 3442 quatuor
1011 3359 1139 3442 ejusdem
1158 3363 1280 3446 partium

267 3487 393 3530 seoraum
413 3466 567 3530 exhibitam
587 3466 806 3554 descriptionem
824 3489 880 3552 per
896 3483 979 3553 typos
999 3469 1150 3532 Seminarii
1169 3473 1281 3554 patavi-

266 3572 298 3632 ni
318 3591 366 3633 an.
390 3571 461 3652 1691
484 3582 513 3630 et
536 3571 633 3650 adpat
649 3582 710 3632 tuna
727 3568 802 3631 alias
821 3569 937 3632 tabulas
954 3570 992 3636 ad
1011 3585 1138 3635 veterem,
1162 3594 1280 3656 geogra-

266 3678 363 3761 pbiam
378 3679 575 3762 patineates,
596 3692 626 3739 et
648 3679 773 3740 insertas
794 3677 871 3740 libro
889 3679 931 3741 ita
955 3679 1105 3763 inaenpto:
1141 3681 1279 3746 Tabulae

265 3787 505 3868 geographicae,
523 3787 627 3870 quibas
647 3791 781 3849 amma
800 3787 984 3869 geographia
1014 3801 1095 3852 aetus
1117 3794 1284 3854 manetur

265 3914 287 3952 a
304 3893 404 3952 ωειῑεὶς
423 3893 588 3954 auctnibas
616 3895 783 3968 culleum,
799 3897 881 3976 typis
901 3891 1002 3954 edim
1031 3891 1193 3956 Sententia·
1211 3903 1280 3976 pat.

270 4016 319 4056 a..
342 4001 417 4082 ¹⁶99
436 3998 540 4074 nse.
