3259 4959
427 380 492 455 116
896 363 982 447 vum

419 538 471 591 tus
493 541 565 609 est,
582 521 637 590 ubi
658 545 693 590 se
719 521 850 588 assidue
871 537 982 610 postea
993 575 1004 606 ,
1034 537 1201 612 tamquam
1221 523 1254 591 in
1275 522 1433 611 ampliore

419 647 601 732 palaestra,
618 641 764 707 exermit
776 693 783 706 .
795 643 905 730 thue
917 658 987 708 erat
1006 640 1129 710 eximio
1143 642 1275 732 ingenio
1291 657 1324 707 et
1342 641 1434 714 indu.

416 763 515 843 stria,
536 759 632 829 facile
653 760 695 847 ad
714 786 749 828 se
771 760 1000 850 magistrorum
1020 761 1128 830 studia
1147 761 1326 830 convertit.
1346 761 1429 830 Rhe-

419 880 539 946 toricae
554 879 631 946 ludu
650 901 799 970 egressus
821 903 929 946 rursus
950 896 1088 946 tractare
1106 881 1215 970 coepit
1229 879 1357 948 litteras
1376 905 1431 970 pe

415 993 563 1078 litiores,
585 995 626 1062 ad
653 1019 732 1084 quas
758 993 968 1082 potissimum
998 993 1206 1061 uidebatura
1238 1009 1353 1062 natura
1381 989 1429 1059 fa-

415 1131 546 1198 etus‚et
561 1139 672 1182 earum
693 1114 818 1183 cultum
839 1137 913 1180 cum
934 1111 1136 1204 gravioribus
1155 1113 1341 1204 disciplinis
1356 1137 1428 1181 cen·

416 1232 544 1325 junxit.
573 1231 794 1322 Philosophus
814 1231 949 1301 biennio
970 1231 1116 1316 audivit,
1137 1231 1277 1302 triennio
1295 1257 1371 1301 vero
1391 1227 1433 1304 ad

413 1352 601 1442 theologica
622 1351 793 1430 incubuit3
826 1351 996 1442 publicum
1031 1353 1132 1420 etiam
1154 1351 1194 1420 de
1214 1351 1335 1423 iisdem
1362 1372 1432 1423 eer-

416 1489 528 1547 tamen
552 1470 648 1554 iniit,
670 1471 747 1540 dein
767 1473 1005 1542 centumvirale
1027 1472 1249 1564 theologorum
1270 1472 1429 1565 judicium

414 1587 539 1668 subiit,
558 1610 736 1675 eorumque
756 1583 924 1675 suffragiis
942 1585 1096 1674 probatus
1116 1587 1150 1655 in
1171 1610 1283 1656 eorum
1303 1603 1431 1664 coetum

415 1700 601 1788 adscriptus
623 1716 693 1783 est3
714 1716 783 1772 tum
809 1723 845 1768 se
867 1699 991 1788 reeepit
1011 1699 1044 1766 iu
1065 1701 1225 1787 patriam.

465 1815 553 1890 liiue
572 1811 691 1880 eedem
720 1835 806 1883 auae
841 1812 965 1902 ayuda
990 1814 1159 1884 Cardiuali
1178 1817 1351 1903 Cornelio,
1377 1813 1433 1905 qui

417 1931 452 2002 iu
468 1932 698 2022 episcopatum
714 1949 915 1999 suecesserat
929 1931 1130 2016 Remedium,
1145 1954 1314 2006 revocatur
1325 1940 1358 2006 in
1376 1938 1436 2008 Se„

413 2046 613 2128 minutium,
627 2061 663 2113 ut
684 2045 869 2135 theologiae
890 2043 1063 2136 professori
1083 2047 1231 2117 subsidio
1250 2050 1432 2140 sit.Quare

414 2159 445 2230 is
464 2159 554 2250 suugi
575 2159 684 2250 eoepit
703 2158 891 2246 repetitoris
924 2156 1051 2227 officie.
1081 2162 1166 2238 Mox
1185 2161 1431 2256 philosophiam

413 2279 558 2368 profiteri
579 2277 714 2371 jussus,
740 2277 918 2347 Seminarii
949 2280 1097 2350 alumnos
1117 2282 1336 2352 instituendos
1360 2309 1431 2352 sus„

412 2401 504 2490 cepit
531 2423 569 2467 ea
591 2397 789 2486 disciplina,
811 2423 875 2489 qua
897 2398 1144 2490 vituperonum,
1173 2400 1321 2494 ejusdem
1351 2404 1432 2474 Car-

413 2519 537 2602 dinalie
552 2519 749 2588 auctoritate
771 2518 962 2588 transfertur
977 2521 1018 2589 ad
1038 2521 1254 2590 Academiam
1265 2525 1317 2612 (a)
1325 2577 1336 2608 ,
1351 2545 1433 2614 quae

415 2640 459 2712 ad
475 2663 514 2708 ea
530 2662 632 2728 usque
653 2655 801 2727 tempora
818 2664 882 2706 non
899 2641 1001 2710 alium
1011 2663 1128 2730 ,quam
1144 2641 1326 2712 studiorum
1345 2663 1434 2732 prae-

411 2756 534 2840 fectum
555 2759 751 2848 magistrum
771 2777 927 2844 noveram
951 2761 1107 2852 idemque
1131 2779 1300 2846 praeterea
1325 2759 1434 2852 puhli-

413 2897 452 2942 ce
471 2873 602 2964 jubetur
621 2871 740 2940 studiis
762 2875 933 2960 proludere
952 2899 1035 2944 novo
1055 2877 1228 2961 exemplo.
1248 2879 1319 2946 Hae
1342 2877 1431 2946 enim

413 2989 602 3068 cardinalis
622 2991 744 3070 levavit
763 3015 861 3064 onere
881 2993 1041 3060 Jaeebum
1060 2993 1290 3078 Jaeobettum‚
1306 2999 1363 3087 qui
1378 2996 1432 3064 its-

417 3109 494 3178 dem
520 3123 688 3196 praeerat,
708 3109 787 3176 lieet
806 3110 835 3176 is
857 3127 943 3178 esset
964 3112 1014 3178 vir
1033 3110 1209 3180 muitarum
1227 3136 1434 3202 magnarum·

416 3247 481 3310 que
500 3245 628 3305 rerum,
648 3245 783 3310 graeeae
811 3224 1005 3310 praesertim
1026 3227 1157 3316 liuguae
1180 3228 1297 3296 aetitia
1322 3229 1432 3300 excel-

414 3335 507 3416 lens.
529 3337 592 3404 Hie
624 3361 688 3403 uon
721 3336 825 3416 multo
849 3357 923 3426 post
942 3340 1086 3410 ethicam
1115 3343 1251 3412 tradidit
1270 3345 1305 3412 iu
1324 3341 1429 3436 publi*

412 3475 451 3527 co
471 3454 625 3538 patavino
651 3456 860 3540 Gyuumsio.

462 3563 518 3641 Sic
544 3567 749 3643 Fatciolatus
768 3594 810 3640 ex
830 3571 895 3640 alia
920 3571 954 3639 iu
980 3575 1080 3644 aliam
1100 3577 1302 3666 provinciam
1325 3571 1431 3643 tradm

756 3735 1088 3770 *mmmmm

455 3831 505 3908 (t)
526 3831 590 3889 Hee
611 3844 676 3906 est,
696 3847 806 3891 eeetum
827 3855 922 3893 eorum
943 3835 1234 3918 adulescentum‚qui
1255 3837 1368 3925 ingenio
1388 3829 1426 3891 ad

412 3953 447 3994 ea
467 3932 580 4002 studia,
601 3955 673 4013 quae
693 3933 730 3992 ab
749 3934 926 3998 humanitate
955 3937 1012 3999 sibi
1039 3962 1143 4003 nemen
1163 3943 1313 4015 vindicent
1324 3985 1334 4018 ,
1355 3945 1424 4018 apta

415 4058 500 4122 pupra
520 4049 633 4108 ectetas
653 4035 815 4098 excellunt.
