3259 4959
1180 313 1230 412 47

206 455 462 543 desideraretur
481 464 534 559 (ι)
554 514 563 534 .
588 462 727 555 Semper
757 453 915 533 nitusirum
946 453 1112 529 desiderio
1137 452 1231 529 illius

213 584 395 655 afficiemur
404 635 415 669 ‚
427 580 489 673 qui
503 580 539 649 in
554 578 641 648 huuc
660 578 768 647 lucum
788 598 886 666 supra
904 573 1004 643 fidem
1023 590 1058 642 et
1074 573 1233 665 exempla

211 700 467 777 liberalissimus
485 688 569 787 fuit,
587 696 623 767 in
642 698 788 791 singulos
811 696 911 787 pisae
929 692 1114 765 humanus.
1226 746 1231 753 .

557 926 767 1005 CAPUT
801 922 865 1001 tx.

211 1167 307 1245 Idan
324 1160 360 1241 in
380 1160 642 1241 seminationes
659 1157 843 1250 letrannus,
854 1152 1026 1249 liberalis,
1043 1160 1231 1249 nsirifiases'

354 1282 503 1355 Eosdem
520 1279 776 1373 consangnineis
793 1278 865 1351 suis
883 1276 1077 1371 anteponit.

252 1544 517 1705 Humanitatis
536 1617 633 1725 buius
656 1621 979 1722 argumentaaliqua
999 1642 1127 1699 tautum
1151 1650 1225 1720 pra⁴

206 1752 310 1824 seram
321 1806 330 1837 ,
343 1753 499 1843 quoniam
512 1751 625 1823 omnia
635 1750 777 1823 diceudo
796 1750 949 1841 persequi
968 1747 1225 1823 difficillimum.

205 1866 342 1939 Solebat
367 1892 453 1939 annu
470 1866 621 1961 quolibet
643 1866 716 1939 dies
742 1881 818 1935 octo
835 1887 872 1936 sc
891 1890 928 1935 sc
948 1864 1069 1936 abdere
1090 1866 1125 1934 iu
1147 1866 1228 1935 Car.

205 1982 395 2053 inclitarum
420 1982 698 2055 discalceatcruut
719 1978 939 2067 coenobium,
956 1980 1047 2072 quod
1069 1979 1105 2049 in
1132 1979 1226 2051 urbis

206 2101 303 2196 hujus
322 2102 417 2195 quasi
439 2102 558 2195 angulo
580 2100 842 2171 delitescit.Hic
861 2116 1007 2169 semotus
1020 2096 1063 2169 ab
1080 2099 1157 2169 aliis
1173 2124 1228 2170 cu-

205 2216 253 2283 sis
275 2216 424 2307 erigebat
452 2217 600 2285 animum
629 2214 671 2283 ad
705 2212 881 2295 caelestia,
901 2234 1042 2301 cumque
1066 2214 1227 2301 quodam.

209 2328 308 2395 tnodc
326 2324 524 2395 renovabat.
553 2326 648 2395 Tunc
670 2324 780 2415 ipsum
810 2322 901 2393 adire
927 2324 1085 2393 vetitum.
1106 2326 1227 2397 Aditus

208 2445 262 2513 vei
285 2444 434 2536 epistolis
454 2442 666 2513 interclusus.
687 2441 756 2513 Uni
776 2457 906 2511 tantum
926 2441 1105 2513 seminarii
1125 2458 1228 2515 recta

207 2562 235 2631 ri
258 2564 300 2634 ad
325 2564 419 2633 illum
439 2578 510 2633 erat
528 2562 693 2633 accessio:
715 2584 797 2633 unus
816 2576 947 2654 poterat
968 2558 1124 2633 cumdem
1143 2563 1229 2635 allo-

207 2678 264 2769 qui
289 2678 360 2768 (2).
383 2676 451 2747 Ubi
477 2700 553 2747 uero
575 2674 749 2745 laborabat
767 2698 809 2747 cx
829 2675 965 2759 morbo,
985 2676 1067 2745 licet
1082 2677 1138 2745 vix
1164 2674 1225 2749 ulti
1249 2673 1254 2693 '

208 2809 287 2861 cum
307 2790 452 2860 adcundi
470 2788 614 2859 facultas
634 2808 737 2875 esset,
751 2790 907 2859 cumdem
928 2790 1106 2861 seminarii
1126 2808 1228 2861 reac-

207 2926 278 2972 rem
299 2903 435 2997 jubebat
458 2904 501 2975 ad
518 2928 556 2974 ss
576 2902 807 2974 vocari.Alias
831 2928 909 2975 vem
928 2903 1225 2977 detinebaturcuua

206 3022 280 3115 ipso
299 3025 340 3094 dc
359 3023 480 3094 scholis
499 3024 708 3117 colloquens,
727 3024 769 3096 tle
800 3025 934 3096 aedium
961 3025 1225 3111 constructione,

207 3144 250 3213 dc
269 3144 509 3237 typographia,
530 3144 572 3215 dc
596 3144 693 3215 rebus
722 3146 765 3217 ad
793 3146 953 3237 pietatem
977 3144 1225 3239 spectantibus,

207 3256 252 3325 dc
271 3258 344 3327 aliis
363 3258 553 3353 hujusmodi
578 3261 687 3351 plures
706 3260 802 3329 baras
819 3264 893 3353 (3).
912 3260 985 3333 Nec
1003 3285 1104 3331 uuum
1121 3276 1224 3331 tecta-

206 3398 295 3463 rcm‚
315 3375 489 3467 magistros
512 3400 642 3471 quoque
660 3377 851 3469 excipiebat
868 3378 1037 3449 infirmus.
1060 3408 1079 3448 a
1106 3378 1222 3468 AEgrc-

546 3584 876 3637 ἈἛΜΜἊΜἊΜΜ

249 3750 300 3830 (ι)
321 3748 397 3811 ΡΙὶιι.
414 3750 445 3812 ia
464 3752 569 3833 Paneg.
592 3746 678 3833 Trai.
695 3770 722 3813 u.
744 3750 844 3815 10.iu
866 3750 941 3815 fiac.
1037 3745 1040 3751 ’

249 3854 300 3929 (2)
322 3853 389 3913 Act.
411 3855 513 3915 Beatis.
534 3857 576 3918 T.
597 3856 652 3919 lv.
674 3856 815 3918 Summas.
835 3877 903 3941 pag.
928 3856 993 3937 169.

248 3960 298 4045 (ὅ)
316 3959 392 4027 thiu.
412 3964 454 4029 T.
475 3964 514 4027 11.
534 3964 673 4033 Summas.
689 3984 758 4055 pag.
777 3966 846 4032 aab.
867 3978 898 4031 tt
917 3964 960 4031 T.
979 3963 1037 4034 tv.
1057 3980 1124 4049 m·
1154 3960 1221 4031 183.
