3259 4959
488 317 558 409 416
956 325 1040 380 vm

483 451 636 550 gentibus
655 473 714 536 ca,
737 450 913 542 praecipue
933 473 1066 542 graecas
1084 444 1290 541 tragoedias,
1309 468 1341 523 et
1357 455 1469 532 lloncrl

482 569 635 644 Iliadum:
652 567 736 639 banc
750 564 887 656 quidem
904 585 1055 651 sermone
1073 564 1248 634 vernaculo
1260 563 1302 632 ab
1313 565 1380 656 ipso
1391 593 1470 660 erpo

483 682 583 752 sitam
594 735 605 767 ,
625 705 681 750 eas
710 696 821 749 autem
846 667 981 746 cultiore
1004 678 1133 768 lingua.
1163 678 1216 746 De
1241 693 1371 769 utroque
1390 706 1468 772 open
1539 768 1540 779 ἵ

480 819 613 894 portua.
626 799 716 890 Quin
730 800 831 868 etiam
856 797 1002 866 carmina
1020 795 1198 886 aliquando
1217 796 1336 866 edebat
1354 821 1392 868 ex
1406 817 1469 869 tem·

481 940 582 1011 pore.
616 920 669 988 De
698 918 841 1007 quodam
872 913 990 983 Publio
1007 915 1148 984 Lentulo
1178 913 1325 983 sentens
1344 915 1467 1001 Tullius,

480 1067 500 1103 ν
517 1035 678 1132 quidquid
698 1034 833 1118 habuit,
855 1033 978 1124 inquit,
995 1048 1295 1124 quantumcumque
1315 1031 1385 1118 luit,
1402 1032 1467 1104 illud
1539 1096 1540 1111 ,

479 1185 498 1222 s
519 1171 623 1224 totum
638 1153 754 1224 habuit
770 1177 811 1222 ex
831 1151 1005 1243 disciplina
1018 1180 1025 1238 ς
1036 1151 1254 1220 instrumenta
1270 1167 1397 1221 naturae
1410 1151 1466 1222 dcc·

347 1338 349 1347 ,
483 1299 504 1338 α
518 1289 591 1340 rant
606 1301 625 1338 e
645 1271 721 1363 (ι).
755 1273 926 1340 Boarettus
952 1267 1221 1338 liberalissimam
1250 1267 1365 1339 habuit
1387 1269 1417 1338 iu
1439 1291 1465 1337 to

473 1403 630 1460 naturam
645 1390 726 1481 (qua
744 1405 947 1481 repugnante
974 1388 1008 1457 in
1029 1389 1081 1459 bis
1101 1387 1219 1458 studiis
1248 1386 1409 1456 tolerabile
1424 1387 1464 1460 nir

477 1501 527 1572 bil
546 1503 582 1572 lit
595 1505 631 1594 );
650 1503 737 1595 qnod
759 1526 836 1572 vero
854 1501 897 1572 ab
915 1527 954 1572 ea
973 1502 1068 1599 quasi
1089 1501 1280 1585 inchoatum
1300 1517 1462 1592 acceperat,

476 1639 538 1686 usu
564 1633 598 1686 et
621 1617 798 1708 disciplina
819 1614 976 1708 perfecit.

525 1733 590 1804 Sed
609 1759 674 1802 non
693 1734 729 1803 in
747 1757 782 1804 re
802 1734 932 1824 poetica
952 1750 1101 1818 tontum,
1122 1733 1226 1804 valuit
1244 1758 1370 1826 quoque
1385 1731 1465 1824 pluri.

475 1869 568 1918 mum
581 1847 617 1917 in
635 1848 741 1918 soluta
756 1847 904 1922 numeris
923 1847 1088 1936 oratione;
1103 1848 1153 1918 uti
1172 1850 1326 1918 norimus
1342 1872 1379 1918 cr
1390 1846 1465 1917 libel.

476 1957 527 2047 lo,
539 1983 637 2050 quem
650 1983 736 2029 anno
749 1961 835 2050 1783
845 1959 1021 2031 Seminarii
1038 1962 1185 2052 patavini
1198 1963 1287 2054 typis
1304 1961 1417 2034 editum
1428 1959 1465 2028 sic

476 2073 663 2164 inscripsit:
683 2071 889 2150 disertiores
897 2072 1162 2167 philosophicae(
1181 2078 1235 2148 De
1256 2075 1311 2152 his
1325 2076 1464 2167 praeclaro

474 2187 596 2262 eruditi
609 2185 690 2260 viri.
710 2189 760 2256 Ao
780 2187 859 2258 licet
871 2190 1066 2280 posteriores
1084 2189 1166 2263 duas
1184 2214 1248 2265 non
1266 2187 1427 2280 perfecerit
1440 2200 1467 2258 ut

472 2305 637 2397 primam,
656 2321 751 2378 erunt
778 2319 890 2382 umen
918 2305 1020 2397 ipsae
1038 2307 1208 2396 specimen
1234 2331 1302 2384 non
1331 2306 1462 2396 exiguum

472 2423 563 2497 illius
583 2425 750 2498 doctrinae
770 2442 804 2496 et
823 2425 966 2520 ingenii.
987 2431 1030 2498 Et
1048 2426 1090 2499 ad
1109 2427 1332 2516 multiplicem
1351 2425 1464 2516 quidem

472 2538 743 2631 philosophorum
763 2540 948 2615 doctrinam
960 2540 1138 2620 seminarii
1157 2542 1310 2620 alumnos
1328 2539 1476 2630 aliquam

471 2655 529 2732 diu
547 2656 708 2732 instituit.
721 2657 955 2736 Introducobat
972 2681 1028 2733 eoa
1047 2657 1262 2741 laetabundos
1277 2658 1315 2726 in
1332 2654 1464 2726 interiora

469 2769 567 2866 hujus
587 2772 686 2862 adyta
705 2771 922 2864 disciplinae,
941 2773 1150 2844 teneritatem
1182 2772 1332 2870 ejusdem
1356 2788 1463 2859 tempe·

469 2912 546 2969 rans
564 2891 728 2982 elegantia
747 2892 927 2974 sermonis.
947 2892 1189 2963 Mathematicus
1217 2915 1349 2983 quoquc
1368 2885 1461 2958 studia

468 3007 645 3098 diligenter
662 3011 826 3096 excoluit,
845 3035 929 3108 quaa
948 3010 1096 3103 physicis
1116 3012 1212 3090 valde
1238 3009 1369 3087 affinia.
1395 3003 1464 3077 cal

468 3119 560 3196 lebat
578 3123 703 3212 optime
732 3122 814 3216 juria
841 3125 1000 3205 naturalis
1023 3125 1220 3211 seientiam,
1240 3149 1279 3195 ac
1299 3119 1462 3217 plurimum

467 3257 613 3310 versatus
633 3257 703 3312 erat
721 3239 756 3312 in
769 3242 923 3316 ¹doctrina
942 3261 1089 3334 patrum.
1108 3245 1292 3321 Hebraicae
1312 3255 1464 3334 praetem

465 3339 597 3444 ling'uae
616 3352 681 3424 sibi
701 3353 866 3445 praesidia
889 3356 1072 3438 adsciverat
1089 3356 1134 3428 ad
1152 3381 1318 3440 sacrarum
1338 3351 1462 3442 scripu

467 3493 577 3543 rarum
596 3470 872 3562 intelligentiam,
891 3499 1030 3566 quarum
1049 3474 1158 3556 studio
1177 3473 1229 3554 rel
1248 3471 1394 3558 maxime
1413 3464 1462 3536 dtr.

467 3581 620 3666 uebatur.
648 3585 711 3656 llis
739 3587 917 3668 accedebat
944 3590 1060 3682 ingens
1089 3589 1268 3660 memoriae
1288 3589 1359 3668 vis.
1381 3584 1465 3683 (Μ

803 3797 1133 3836 mmmmm

505 3958 557 4068 ὗε)
571 3902 626 4020 ¹Dc
644 3957 728 4022 claris
747 3973 852 4026 orator.
872 3983 898 4024 e.
918 3984 968 4048 77⁹
