<?xml version="1.0" encoding="UTF-8"?>
<!DOCTYPE html PUBLIC "-//W3C//DTD XHTML 1.0 Transitional//EN"
    "http://www.w3.org/TR/xhtml1/DTD/xhtml1-transitional.dtd">
<html xmlns="http://www.w3.org/1999/xhtml" xml:lang="en" lang="en">
 <head>
  <title>
</title>
<meta http-equiv="Content-Type" content="text/html;charset=utf-8" />
  <meta name='ocr-system' content='tesseract 3.04.00' />
  <meta name='ocr-capabilities' content='ocr_page ocr_carea ocr_par ocr_line ocrx_word'/>
</head>
<body>
  <div class='ocr_page' id='page_1' title='image "./vitaevirorumill00ferrgoog_0393.png"; bbox 0 0 3259 4959; ppageno 0'>
   <div class='ocr_carea' id='block_1_1' title="bbox 550 315 1228 416">
    <p class='ocr_par' dir='ltr' id='par_1_1' title="bbox 550 315 1228 416">
     <span class='ocr_line' id='line_1_1' title="bbox 550 315 1228 416; baseline -0.006 -18"><span class='ocrx_word' id='word_1_1' title='bbox 550 337 701 398; x_wconf 77' lang='lat' dir='ltr'><strong>tuturus</strong></span> <span class='ocrx_word' id='word_1_2' title='bbox 718 331 894 396; x_wconf 73' lang='lat' dir='ltr'><strong>trusum</strong></span> <span class='ocrx_word' id='word_1_3' title='bbox 1157 315 1228 416; x_wconf 66' lang='lat' dir='ltr'><strong>tes</strong></span> 
     </span>
    </p>
   </div>
   <div class='ocr_carea' id='block_1_2' title="bbox 213 455 1231 666">
    <p class='ocr_par' dir='ltr' id='par_1_2' title="bbox 213 455 1231 666">
     <span class='ocr_line' id='line_1_2' title="bbox 213 455 1227 553; baseline -0.005 -22"><span class='ocrx_word' id='word_1_4' title='bbox 213 459 255 531; x_wconf 78' lang='lat' dir='ltr'><strong>td</strong></span> <span class='ocrx_word' id='word_1_5' title='bbox 279 456 505 553; x_wconf 86' lang='lat' dir='ltr'><strong>episcopatum</strong></span> <span class='ocrx_word' id='word_1_6' title='bbox 521 468 625 552; x_wconf 78' lang='lat' dir='ltr'><strong>u&#39;sque</strong></span> <span class='ocrx_word' id='word_1_7' title='bbox 644 457 798 550; x_wconf 81' lang='lat' dir='ltr'><strong>perduxit</strong></span> <span class='ocrx_word' id='word_1_8' title='bbox 815 455 954 532; x_wconf 86' lang='lat' dir='ltr'><strong>Joaunis</strong></span> <span class='ocrx_word' id='word_1_9' title='bbox 972 457 1086 528; x_wconf 86' lang='lat' dir='ltr'><strong>Casii.</strong></span> <span class='ocrx_word' id='word_1_10' title='bbox 1105 459 1146 528; x_wconf 90' lang='lat' dir='ltr'><strong>In</strong></span> <span class='ocrx_word' id='word_1_11' title='bbox 1164 455 1227 526; x_wconf 76' lang='lat' dir='ltr'><strong>lur-</strong></span> 
     </span>
     <span class='ocr_line' id='line_1_3' title="bbox 214 557 1231 666; baseline -0.003 -24"><span class='ocrx_word' id='word_1_12' title='bbox 214 557 267 666; x_wconf 73' lang='lat' dir='ltr'><strong>ius</strong></span> <span class='ocrx_word' id='word_1_13' title='bbox 286 572 427 665; x_wconf 79' lang='lat' dir='ltr'><strong>sepulcri</strong></span> <span class='ocrx_word' id='word_1_14' title='bbox 446 571 558 663; x_wconf 89' lang='lat' dir='ltr'><strong>lapide</strong></span> <span class='ocrx_word' id='word_1_15' title='bbox 576 571 771 662; x_wconf 89' lang='lat' dir='ltr'><strong>inscriptum</strong></span> <span class='ocrx_word' id='word_1_16' title='bbox 790 571 913 662; x_wconf 90' lang='lat' dir='ltr'><strong>reperit</strong></span> <span class='ocrx_word' id='word_1_17' title='bbox 931 595 1062 641; x_wconf 82' lang='lat' dir='ltr'><strong>versum</strong></span> <span class='ocrx_word' id='word_1_18' title='bbox 1089 571 1175 641; x_wconf 90' lang='lat' dir='ltr'><strong>hunc</strong></span> <span class='ocrx_word' id='word_1_19' title='bbox 1194 569 1231 640; x_wconf 85' lang='lat' dir='ltr'><strong>iu</strong></span> 
     </span>
    </p>
   </div>
   <div class='ocr_carea' id='block_1_3' title="bbox 213 686 1244 3796">
    <p class='ocr_par' dir='ltr' id='par_1_3' title="bbox 213 686 658 782">
     <span class='ocr_line' id='line_1_4' title="bbox 213 686 658 782; baseline 0 -24"><span class='ocrx_word' id='word_1_20' title='bbox 213 688 346 759; x_wconf 86' lang='lat' dir='ltr'><strong>laudem</strong></span> <span class='ocrx_word' id='word_1_21' title='bbox 365 689 470 782; x_wconf 87' lang='lat' dir='ltr'><strong>ipsius</strong></span> <span class='ocrx_word' id='word_1_22' title='bbox 489 686 658 782; x_wconf 79' lang='lat' dir='ltr'><strong>episcopis</strong></span> 
     </span>
    </p>

    <p class='ocr_par' dir='ltr' id='par_1_4' title="bbox 215 794 1236 1346">
     <span class='ocr_line' id='line_1_5' title="bbox 301 794 1030 897; baseline 0.007 -24"><span class='ocrx_word' id='word_1_23' title='bbox 301 808 404 897; x_wconf 79' lang='lat' dir='ltr'><strong>laque</strong></span> <span class='ocrx_word' id='word_1_24' title='bbox 420 805 636 878; x_wconf 82' lang='lat' dir='ltr'><strong>sacerdotum</strong></span> <span class='ocrx_word' id='word_1_25' title='bbox 654 828 783 877; x_wconf 85' lang='lat' dir='ltr'><strong>cunone</strong></span> <span class='ocrx_word' id='word_1_26' title='bbox 800 794 920 878; x_wconf 82' lang='lat' dir='ltr'><strong>doctor</strong></span> <span class='ocrx_word' id='word_1_27' title='bbox 937 817 1030 878; x_wconf 79' lang='lat' dir='ltr'><strong>erut.-</strong></span> 
     </span>
     <span class='ocr_line' id='line_1_6' title="bbox 215 907 1231 1016; baseline 0 -22"><span class='ocrx_word' id='word_1_28' title='bbox 215 907 302 994; x_wconf 82' lang='lat' dir='ltr'><strong>llinc</strong></span> <span class='ocrx_word' id='word_1_29' title='bbox 329 924 534 994; x_wconf 79' lang='lat' dir='ltr'>occasionem</span> <span class='ocrx_word' id='word_1_30' title='bbox 556 916 730 994; x_wconf 86' lang='lat' dir='ltr'><strong>Brunatius</strong></span> <span class='ocrx_word' id='word_1_31' title='bbox 750 913 839 1016; x_wconf 90' lang='lat' dir='ltr'><strong>cepit</strong></span> <span class='ocrx_word' id='word_1_32' title='bbox 866 924 1031 996; x_wconf 87' lang='lat' dir='ltr'><strong>scribendi</strong></span> <span class='ocrx_word' id='word_1_33' title='bbox 1052 924 1093 996; x_wconf 89' lang='lat' dir='ltr'><strong>de</strong></span> <span class='ocrx_word' id='word_1_34' title='bbox 1110 911 1231 996; x_wconf 87' lang='lat' dir='ltr'><strong>litteris</strong></span> 
     </span>
     <span class='ocr_line' id='line_1_7' title="bbox 215 1039 1233 1135; baseline 0.002 -25"><span class='ocrx_word' id='word_1_35' title='bbox 215 1063 254 1110; x_wconf 85' lang='lat' dir='ltr'><strong>ac</strong></span> <span class='ocrx_word' id='word_1_36' title='bbox 272 1039 427 1110; x_wconf 87' lang='lat' dir='ltr'><strong>litteratis</strong></span> <span class='ocrx_word' id='word_1_37' title='bbox 451 1041 554 1127; x_wconf 83' lang='lat' dir='ltr'><strong>viris,</strong></span> <span class='ocrx_word' id='word_1_38' title='bbox 579 1043 635 1134; x_wconf 90' lang='lat' dir='ltr'><strong>qui</strong></span> <span class='ocrx_word' id='word_1_39' title='bbox 665 1044 841 1113; x_wconf 89' lang='lat' dir='ltr'><strong>floruerunt</strong></span> <span class='ocrx_word' id='word_1_40' title='bbox 859 1043 894 1114; x_wconf 91' lang='lat' dir='ltr'><strong>id</strong></span> <span class='ocrx_word' id='word_1_41' title='bbox 924 1042 1082 1135; x_wconf 89' lang='lat' dir='ltr'><strong>temporis</strong></span> <span class='ocrx_word' id='word_1_42' title='bbox 1108 1043 1143 1112; x_wconf 90' lang='lat' dir='ltr'><strong>in</strong></span> <span class='ocrx_word' id='word_1_43' title='bbox 1162 1045 1233 1112; x_wconf 74' lang='lat' dir='ltr'><strong>lta-</strong></span> 
     </span>
     <span class='ocr_line' id='line_1_8' title="bbox 216 1159 1236 1252; baseline 0.002 -22"><span class='ocrx_word' id='word_1_44' title='bbox 216 1160 284 1248; x_wconf 86' lang='lat' dir='ltr'><strong>lia,</strong></span> <span class='ocrx_word' id='word_1_45' title='bbox 303 1159 346 1230; x_wconf 81' lang='lat' dir='ltr'><strong>ab</strong></span> <span class='ocrx_word' id='word_1_46' title='bbox 366 1182 452 1230; x_wconf 87' lang='lat' dir='ltr'><strong>anno</strong></span> <span class='ocrx_word' id='word_1_47' title='bbox 473 1179 595 1252; x_wconf 80' lang='lat' dir='ltr'><strong>nempe</strong></span> <span class='ocrx_word' id='word_1_48' title='bbox 611 1161 793 1232; x_wconf 88' lang='lat' dir='ltr'><strong>millesimo</strong></span> <span class='ocrx_word' id='word_1_49' title='bbox 811 1161 854 1232; x_wconf 89' lang='lat' dir='ltr'><strong>ad</strong></span> <span class='ocrx_word' id='word_1_50' title='bbox 873 1163 1021 1232; x_wconf 89' lang='lat' dir='ltr'><strong>medium</strong></span> <span class='ocrx_word' id='word_1_51' title='bbox 1040 1160 1170 1234; x_wconf 78' lang='lat' dir='ltr'><strong>circiter</strong></span> <span class='ocrx_word' id='word_1_52' title='bbox 1189 1160 1236 1233; x_wconf 74' lang='lat' dir='ltr'><strong>al-</strong></span> 
     </span>
     <span class='ocr_line' id='line_1_9' title="bbox 215 1275 618 1346; baseline 0 -2"><span class='ocrx_word' id='word_1_53' title='bbox 215 1275 318 1346; x_wconf 81' lang='lat' dir='ltr'><strong>terius</strong></span> <span class='ocrx_word' id='word_1_54' title='bbox 336 1275 380 1343; x_wconf 87' lang='lat' dir='ltr'><strong>ab</strong></span> <span class='ocrx_word' id='word_1_55' title='bbox 398 1276 457 1344; x_wconf 92' lang='lat' dir='ltr'><strong>illo</strong></span> <span class='ocrx_word' id='word_1_56' title='bbox 476 1275 618 1346; x_wconf 63' lang='lat' dir='ltr'><strong>saeculis</strong></span> 
     </span>
    </p>

    <p class='ocr_par' dir='ltr' id='par_1_5' title="bbox 215 1378 1237 1944">
     <span class='ocr_line' id='line_1_10' title="bbox 263 1378 1235 1481; baseline 0 -23"><span class='ocrx_word' id='word_1_57' title='bbox 263 1391 349 1458; x_wconf 80' lang='lat' dir='ltr'><strong>Acta</strong></span> <span class='ocrx_word' id='word_1_58' title='bbox 368 1388 471 1458; x_wconf 87' lang='lat' dir='ltr'><strong>etiam</strong></span> <span class='ocrx_word' id='word_1_59' title='bbox 491 1389 525 1461; x_wconf 87' lang='lat' dir='ltr'><strong>S.</strong></span> <span class='ocrx_word' id='word_1_60' title='bbox 544 1387 665 1460; x_wconf 89' lang='lat' dir='ltr'><strong>Bellini</strong></span> <span class='ocrx_word' id='word_1_61' title='bbox 685 1378 833 1481; x_wconf 74' lang='lat' dir='ltr'><strong>episcopi</strong></span> <span class='ocrx_word' id='word_1_62' title='bbox 858 1389 1005 1480; x_wconf 83' lang='lat' dir='ltr'><strong>patavini</strong></span> <span class='ocrx_word' id='word_1_63' title='bbox 1034 1387 1235 1480; x_wconf 80' lang='lat' dir='ltr'><strong>descripsit,</strong></span> 
     </span>
     <span class='ocr_line' id='line_1_11' title="bbox 215 1499 1236 1597; baseline 0.002 -27"><span class='ocrx_word' id='word_1_64' title='bbox 215 1499 338 1592; x_wconf 80' lang='lat' dir='ltr'><strong>quibus</strong></span> <span class='ocrx_word' id='word_1_65' title='bbox 356 1501 515 1575; x_wconf 75' lang='lat' dir='ltr'><strong>illustrior</strong></span> <span class='ocrx_word' id='word_1_66' title='bbox 533 1500 681 1571; x_wconf 87' lang='lat' dir='ltr'><strong>redditur</strong></span> <span class='ocrx_word' id='word_1_67' title='bbox 700 1499 771 1597; x_wconf 84' lang='lat' dir='ltr'><strong>ejus</strong></span> <span class='ocrx_word' id='word_1_68' title='bbox 790 1501 878 1570; x_wconf 86' lang='lat' dir='ltr'><strong>vita.</strong></span> <span class='ocrx_word' id='word_1_69' title='bbox 898 1502 1070 1591; x_wconf 82' lang='lat' dir='ltr'><strong>Quaedam</strong></span> <span class='ocrx_word' id='word_1_70' title='bbox 1102 1503 1236 1596; x_wconf 88' lang='lat' dir='ltr'><strong>insuper</strong></span> 
     </span>
     <span class='ocr_line' id='line_1_12' title="bbox 218 1618 1236 1713; baseline 0.001 -22"><span class='ocrx_word' id='word_1_71' title='bbox 218 1621 374 1692; x_wconf 89' lang='lat' dir='ltr'><strong>emendat</strong></span> <span class='ocrx_word' id='word_1_72' title='bbox 386 1637 419 1690; x_wconf 92' lang='lat' dir='ltr'><strong>et</strong></span> <span class='ocrx_word' id='word_1_73' title='bbox 438 1619 589 1712; x_wconf 75' lang='lat' dir='ltr'><strong>corrigit,</strong></span> <span class='ocrx_word' id='word_1_74' title='bbox 606 1641 690 1712; x_wconf 90' lang='lat' dir='ltr'><strong>quac</strong></span> <span class='ocrx_word' id='word_1_75' title='bbox 704 1618 903 1710; x_wconf 88' lang='lat' dir='ltr'><strong>irrepserant</strong></span> <span class='ocrx_word' id='word_1_76' title='bbox 917 1619 950 1687; x_wconf 89' lang='lat' dir='ltr'><strong>in</strong></span> <span class='ocrx_word' id='word_1_77' title='bbox 971 1618 1041 1713; x_wconf 82' lang='lat' dir='ltr'><strong>ejus</strong></span> <span class='ocrx_word' id='word_1_78' title='bbox 1057 1619 1144 1690; x_wconf 91' lang='lat' dir='ltr'><strong>vitae</strong></span> <span class='ocrx_word' id='word_1_79' title='bbox 1158 1645 1236 1713; x_wconf 90' lang='lat' dir='ltr'><strong>qua·</strong></span> 
     </span>
     <span class='ocr_line' id='line_1_13' title="bbox 222 1735 1237 1832; baseline 0.002 -22"><span class='ocrx_word' id='word_1_80' title='bbox 222 1742 251 1810; x_wconf 87' lang='lat' dir='ltr'><strong>si</strong></span> <span class='ocrx_word' id='word_1_81' title='bbox 271 1739 528 1832; x_wconf 88' lang='lat' dir='ltr'><strong>compendium,</strong></span> <span class='ocrx_word' id='word_1_82' title='bbox 553 1739 640 1831; x_wconf 88' lang='lat' dir='ltr'><strong>quod</strong></span> <span class='ocrx_word' id='word_1_83' title='bbox 666 1739 786 1831; x_wconf 81' lang='lat' dir='ltr'><strong>legitur</strong></span> <span class='ocrx_word' id='word_1_84' title='bbox 803 1739 840 1808; x_wconf 89' lang='lat' dir='ltr'><strong>in</strong></span> <span class='ocrx_word' id='word_1_85' title='bbox 858 1735 965 1808; x_wconf 86' lang='lat' dir='ltr'><strong>officio</strong></span> <span class='ocrx_word' id='word_1_86' title='bbox 985 1737 1052 1810; x_wconf 90' lang='lat' dir='ltr'><strong>diei</strong></span> <span class='ocrx_word' id='word_1_87' title='bbox 1072 1739 1237 1812; x_wconf 83' lang='lat' dir='ltr'><strong>sidcis</strong></span> 
     </span>
     <span class='ocr_line' id='line_1_14' title="bbox 217 1844 1130 1944; baseline -0.007 -14"><span class='ocrx_word' id='word_1_88' title='bbox 217 1844 345 1930; x_wconf 66' lang='lat' dir='ltr'><strong>Bellias</strong></span> <span class='ocrx_word' id='word_1_89' title='bbox 363 1879 492 1926; x_wconf 83' lang='lat' dir='ltr'><strong>sacrae.</strong></span> <span class='ocrx_word' id='word_1_90' title='bbox 513 1856 604 1924; x_wconf 85' lang='lat' dir='ltr'><strong>Haec</strong></span> <span class='ocrx_word' id='word_1_91' title='bbox 622 1869 734 1922; x_wconf 84' lang='lat' dir='ltr'><strong>carent</strong></span> <span class='ocrx_word' id='word_1_92' title='bbox 753 1852 860 1922; x_wconf 86' lang='lat' dir='ltr'><strong>adhuc</strong></span> <span class='ocrx_word' id='word_1_93' title='bbox 884 1853 956 1922; x_wconf 90' lang='lat' dir='ltr'><strong>luce</strong></span> <span class='ocrx_word' id='word_1_94' title='bbox 976 1853 1130 1944; x_wconf 88' lang='lat' dir='ltr'><strong>publica.</strong></span> 
     </span>
    </p>

    <p class='ocr_par' dir='ltr' id='par_1_6' title="bbox 217 1971 1236 2520">
     <span class='ocr_line' id='line_1_15' title="bbox 264 1971 1236 2064; baseline -0.003 -19"><span class='ocrx_word' id='word_1_95' title='bbox 264 1973 340 2045; x_wconf 82' lang='lat' dir='ltr'><strong>Alia</strong></span> <span class='ocrx_word' id='word_1_96' title='bbox 358 1990 526 2064; x_wconf 87' lang='lat' dir='ltr'><strong>praeterea</strong></span> <span class='ocrx_word' id='word_1_97' title='bbox 549 1989 720 2042; x_wconf 87' lang='lat' dir='ltr'><strong>occurrunt</strong></span> <span class='ocrx_word' id='word_1_98' title='bbox 748 1971 839 2041; x_wconf 89' lang='lat' dir='ltr'><strong>illius</strong></span> <span class='ocrx_word' id='word_1_99' title='bbox 869 1972 1045 2061; x_wconf 86' lang='lat' dir='ltr'><strong>opuscula,</strong></span> <span class='ocrx_word' id='word_1_100' title='bbox 1072 1971 1236 2063; x_wconf 77' lang='lat' dir='ltr'><strong>plurimae</strong></span> 
     </span>
     <span class='ocr_line' id='line_1_16' title="bbox 217 2081 1232 2180; baseline -0.002 -26"><span class='ocrx_word' id='word_1_101' title='bbox 217 2085 343 2180; x_wconf 82' lang='lat' dir='ltr'><strong>passim</strong></span> <span class='ocrx_word' id='word_1_102' title='bbox 362 2085 522 2176; x_wconf 88' lang='lat' dir='ltr'><strong>epistolae</strong></span> <span class='ocrx_word' id='word_1_103' title='bbox 541 2102 575 2154; x_wconf 89' lang='lat' dir='ltr'><strong>et</strong></span> <span class='ocrx_word' id='word_1_104' title='bbox 593 2085 813 2166; x_wconf 88' lang='lat' dir='ltr'><strong>documenta,</strong></span> <span class='ocrx_word' id='word_1_105' title='bbox 834 2081 954 2174; x_wconf 90' lang='lat' dir='ltr'><strong>quibus</strong></span> <span class='ocrx_word' id='word_1_106' title='bbox 981 2081 1135 2152; x_wconf 88' lang='lat' dir='ltr'><strong>omnihus</strong></span> <span class='ocrx_word' id='word_1_107' title='bbox 1155 2083 1232 2154; x_wconf 90' lang='lat' dir='ltr'><strong>illu-</strong></span> 
     </span>
     <span class='ocr_line' id='line_1_17' title="bbox 217 2195 1234 2286; baseline 0 -18"><span class='ocrx_word' id='word_1_108' title='bbox 217 2201 338 2268; x_wconf 86' lang='lat' dir='ltr'><strong>stratur</strong></span> <span class='ocrx_word' id='word_1_109' title='bbox 356 2199 409 2266; x_wconf 84' lang='lat' dir='ltr'><strong>vel</strong></span> <span class='ocrx_word' id='word_1_110' title='bbox 428 2199 594 2280; x_wconf 75' lang='lat' dir='ltr'><strong>maxime,</strong></span> <span class='ocrx_word' id='word_1_111' title='bbox 614 2220 715 2286; x_wconf 90' lang='lat' dir='ltr'><strong>quam</strong></span> <span class='ocrx_word' id='word_1_112' title='bbox 745 2195 810 2264; x_wconf 89' lang='lat' dir='ltr'><strong>sibi</strong></span> <span class='ocrx_word' id='word_1_113' title='bbox 842 2197 1030 2286; x_wconf 83' lang='lat' dir='ltr'><strong>proposuit,</strong></span> <span class='ocrx_word' id='word_1_114' title='bbox 1049 2197 1158 2267; x_wconf 84' lang='lat' dir='ltr'><strong>rudior</strong></span> <span class='ocrx_word' id='word_1_115' title='bbox 1176 2221 1234 2268; x_wconf 58' lang='lat' dir='ltr'><strong>aea</strong></span> 
     </span>
     <span class='ocr_line' id='line_1_18' title="bbox 217 2297 1235 2408; baseline -0.001 -24"><span class='ocrx_word' id='word_1_116' title='bbox 217 2324 292 2384; x_wconf 53' lang='lat' dir='ltr'><strong>rasa</strong></span> <span class='ocrx_word' id='word_1_117' title='bbox 320 2313 499 2384; x_wconf 88' lang='lat' dir='ltr'><strong>Continent</strong></span> <span class='ocrx_word' id='word_1_118' title='bbox 526 2313 609 2380; x_wconf 87' lang='lat' dir='ltr'><strong>haec</strong></span> <span class='ocrx_word' id='word_1_119' title='bbox 637 2313 745 2383; x_wconf 80' lang='lat' dir='ltr'><strong>variae</strong></span> <span class='ocrx_word' id='word_1_120' title='bbox 769 2297 1003 2408; x_wconf 78' lang='lat' dir='ltr'><strong>ephemerides</strong></span> <span class='ocrx_word' id='word_1_121' title='bbox 1033 2311 1235 2400; x_wconf 86' lang='lat' dir='ltr'><strong>litterariae,</strong></span> 
     </span>
     <span class='ocr_line' id='line_1_19' title="bbox 222 2427 672 2520; baseline -0.016 -21"><span class='ocrx_word' id='word_1_122' title='bbox 222 2445 302 2520; x_wconf 82' lang='lat' dir='ltr'><strong>prae</strong></span> <span class='ocrx_word' id='word_1_123' title='bbox 321 2427 439 2496; x_wconf 86' lang='lat' dir='ltr'><strong>ceteris</strong></span> <span class='ocrx_word' id='word_1_124' title='bbox 460 2427 672 2495; x_wconf 63' lang='lat' dir='ltr'><strong>florentinaes</strong></span> 
     </span>
    </p>

    <p class='ocr_par' dir='ltr' id='par_1_7' title="bbox 219 2531 1244 3796">
     <span class='ocr_line' id='line_1_20' title="bbox 268 2531 1239 2637; baseline 0.005 -24.005"><span class='ocrx_word' id='word_1_125' title='bbox 268 2531 407 2635; x_wconf 83' lang='lat' dir='ltr'><strong>Scripsit</strong></span> <span class='ocrx_word' id='word_1_126' title='bbox 427 2561 461 2614; x_wconf 93' lang='lat' dir='ltr'><strong>et</strong></span> <span class='ocrx_word' id='word_1_127' title='bbox 479 2531 546 2615; x_wconf 84' lang='lat' dir='ltr'><strong>alis</strong></span> <span class='ocrx_word' id='word_1_128' title='bbox 564 2545 687 2635; x_wconf 91' lang='lat' dir='ltr'><strong>partim</strong></span> <span class='ocrx_word' id='word_1_129' title='bbox 706 2541 835 2632; x_wconf 90' lang='lat' dir='ltr'><strong>soluta,</strong></span> <span class='ocrx_word' id='word_1_130' title='bbox 860 2531 982 2637; x_wconf 88' lang='lat' dir='ltr'><strong>partim</strong></span> <span class='ocrx_word' id='word_1_131' title='bbox 1012 2531 1143 2616; x_wconf 82' lang='lat' dir='ltr'><strong>addicta</strong></span> <span class='ocrx_word' id='word_1_132' title='bbox 1171 2571 1239 2618; x_wconf 67' lang='lat' dir='ltr'><strong>mea</strong></span> 
     </span>
     <span class='ocr_line' id='line_1_21' title="bbox 219 2647 1238 2752; baseline 0.001 -22"><span class='ocrx_word' id='word_1_133' title='bbox 219 2659 332 2730; x_wconf 87' lang='lat' dir='ltr'><strong>troad</strong></span> <span class='ocrx_word' id='word_1_134' title='bbox 351 2647 569 2728; x_wconf 89' lang='lat' dir='ltr'><strong>eruditionem</strong></span> <span class='ocrx_word' id='word_1_135' title='bbox 590 2659 792 2728; x_wconf 85' lang='lat' dir='ltr'><strong>reconditam</strong></span> <span class='ocrx_word' id='word_1_136' title='bbox 812 2659 1011 2752; x_wconf 85' lang='lat' dir='ltr'><strong>pertinentia</strong></span> <span class='ocrx_word' id='word_1_137' title='bbox 1032 2683 1070 2731; x_wconf 90' lang='lat' dir='ltr'><strong>ac</strong></span> <span class='ocrx_word' id='word_1_138' title='bbox 1088 2647 1174 2731; x_wconf 90' lang='lat' dir='ltr'><strong>scitu</strong></span> <span class='ocrx_word' id='word_1_139' title='bbox 1188 2663 1238 2732; x_wconf 87' lang='lat' dir='ltr'><strong>di</strong></span> 
     </span>
     <span class='ocr_line' id='line_1_22' title="bbox 221 2743 1239 2866; baseline 0.004 -24"><span class='ocrx_word' id='word_1_140' title='bbox 221 2797 306 2866; x_wconf 71' lang='lat' dir='ltr'><strong>gna,</strong></span> <span class='ocrx_word' id='word_1_141' title='bbox 325 2743 405 2844; x_wconf 92' lang='lat' dir='ltr'><strong>licet</strong></span> <span class='ocrx_word' id='word_1_142' title='bbox 424 2758 552 2842; x_wconf 90' lang='lat' dir='ltr'><strong>dictio</strong></span> <span class='ocrx_word' id='word_1_143' title='bbox 543 2791 728 2864; x_wconf 75' lang='lat' dir='ltr'><strong>incompta.</strong></span> <span class='ocrx_word' id='word_1_144' title='bbox 747 2773 1035 2846; x_wconf 80' lang='lat' dir='ltr'><strong>inscribendomm</strong></span> <span class='ocrx_word' id='word_1_145' title='bbox 1056 2791 1168 2846; x_wconf 87' lang='lat' dir='ltr'><strong>tamen</strong></span> <span class='ocrx_word' id='word_1_146' title='bbox 1187 2778 1239 2846; x_wconf 88' lang='lat' dir='ltr'><strong>la</strong></span> 
     </span>
     <span class='ocr_line' id='line_1_23' title="bbox 222 2890 1241 2984; baseline 0.005 -23"><span class='ocrx_word' id='word_1_147' title='bbox 222 2891 340 2984; x_wconf 89' lang='lat' dir='ltr'><strong>pidum</strong></span> <span class='ocrx_word' id='word_1_148' title='bbox 359 2907 428 2960; x_wconf 89' lang='lat' dir='ltr'><strong>arte</strong></span> <span class='ocrx_word' id='word_1_149' title='bbox 448 2890 628 2983; x_wconf 65' lang='lat' dir='ltr'><strong>praestitits</strong></span> <span class='ocrx_word' id='word_1_150' title='bbox 648 2893 804 2964; x_wconf 86' lang='lat' dir='ltr'><strong>Ceterum</strong></span> <span class='ocrx_word' id='word_1_151' title='bbox 824 2894 1006 2964; x_wconf 83' lang='lat' dir='ltr'><strong>maximam</strong></span> <span class='ocrx_word' id='word_1_152' title='bbox 1026 2895 1170 2964; x_wconf 87' lang='lat' dir='ltr'><strong>nominis</strong></span> <span class='ocrx_word' id='word_1_153' title='bbox 1190 2919 1241 2966; x_wconf 68' lang='lat' dir='ltr'><strong>ce-</strong></span> 
     </span>
     <span class='ocr_line' id='line_1_24' title="bbox 222 2995 1242 3104; baseline 0 -23"><span class='ocrx_word' id='word_1_154' title='bbox 222 3009 412 3081; x_wconf 86' lang='lat' dir='ltr'><strong>lebritatem</strong></span> <span class='ocrx_word' id='word_1_155' title='bbox 441 3010 579 3100; x_wconf 83' lang='lat' dir='ltr'><strong>adeptus</strong></span> <span class='ocrx_word' id='word_1_156' title='bbox 607 2995 794 3081; x_wconf 86' lang='lat' dir='ltr'><strong>est·studio</strong></span> <span class='ocrx_word' id='word_1_157' title='bbox 821 3011 1047 3104; x_wconf 80' lang='lat' dir='ltr'><strong>antiquitatis,</strong></span> <span class='ocrx_word' id='word_1_158' title='bbox 1066 3011 1158 3104; x_wconf 76' lang='lat' dir='ltr'><strong>cujus</strong></span> <span class='ocrx_word' id='word_1_159' title='bbox 1183 3000 1242 3102; x_wconf 76' lang='lat' dir='ltr'><strong>ille</strong></span> 
     </span>
     <span class='ocr_line' id='line_1_25' title="bbox 221 3117 1241 3215; baseline 0.003 -25"><span class='ocrx_word' id='word_1_160' title='bbox 221 3121 341 3190; x_wconf 87' lang='lat' dir='ltr'><strong>notitia</strong></span> <span class='ocrx_word' id='word_1_161' title='bbox 355 3120 515 3212; x_wconf 80' lang='lat' dir='ltr'><strong>insignis.</strong></span> <span class='ocrx_word' id='word_1_162' title='bbox 532 3124 628 3192; x_wconf 81' lang='lat' dir='ltr'><strong>llanc</strong></span> <span class='ocrx_word' id='word_1_163' title='bbox 645 3117 682 3192; x_wconf 89' lang='lat' dir='ltr'><strong>in</strong></span> <span class='ocrx_word' id='word_1_164' title='bbox 697 3133 737 3193; x_wconf 85' lang='lat' dir='ltr'><strong>eo</strong></span> <span class='ocrx_word' id='word_1_165' title='bbox 755 3133 931 3215; x_wconf 73' lang='lat' dir='ltr'><strong>suspexere</strong></span> <span class='ocrx_word' id='word_1_166' title='bbox 945 3124 1123 3214; x_wconf 89' lang='lat' dir='ltr'><strong>plurimum</strong></span> <span class='ocrx_word' id='word_1_167' title='bbox 1141 3123 1241 3214; x_wconf 87' lang='lat' dir='ltr'><strong>ephe-</strong></span> 
     </span>
     <span class='ocr_line' id='line_1_26' title="bbox 222 3238 1243 3332; baseline 0.006 -24"><span class='ocrx_word' id='word_1_168' title='bbox 222 3238 388 3308; x_wconf 81' lang='lat' dir='ltr'><strong>meridem</strong></span> <span class='ocrx_word' id='word_1_169' title='bbox 407 3239 455 3308; x_wconf 89' lang='lat' dir='ltr'><strong>rei</strong></span> <span class='ocrx_word' id='word_1_170' title='bbox 474 3240 653 3311; x_wconf 86' lang='lat' dir='ltr'><strong>litterariae</strong></span> <span class='ocrx_word' id='word_1_171' title='bbox 672 3239 866 3332; x_wconf 87' lang='lat' dir='ltr'><strong>scriptores:</strong></span> <span class='ocrx_word' id='word_1_172' title='bbox 888 3244 973 3313; x_wconf 81' lang='lat' dir='ltr'><strong>lr&#39;anc</strong></span> <span class='ocrx_word' id='word_1_173' title='bbox 993 3243 1052 3312; x_wconf 91' lang='lat' dir='ltr'><strong>alii</strong></span> <span class='ocrx_word' id='word_1_174' title='bbox 1072 3240 1134 3316; x_wconf 80' lang='lat' dir='ltr'><strong>virt</strong></span> <span class='ocrx_word' id='word_1_175' title='bbox 1158 3243 1243 3314; x_wconf 87' lang='lat' dir='ltr'><strong>mul·</strong></span> 
     </span>
     <span class='ocr_line' id='line_1_27' title="bbox 226 3353 1243 3453; baseline 0.012 -33"><span class='ocrx_word' id='word_1_176' title='bbox 226 3353 336 3443; x_wconf 88' lang='lat' dir='ltr'><strong>tiplici</strong></span> <span class='ocrx_word' id='word_1_177' title='bbox 353 3355 537 3426; x_wconf 87' lang='lat' dir='ltr'><strong>eruditione</strong></span> <span class='ocrx_word' id='word_1_178' title='bbox 558 3373 782 3448; x_wconf 84' lang='lat' dir='ltr'><strong>praestantes,</strong></span> <span class='ocrx_word' id='word_1_179' title='bbox 802 3377 836 3429; x_wconf 87' lang='lat' dir='ltr'><strong>et</strong></span> <span class='ocrx_word' id='word_1_180' title='bbox 856 3361 1150 3451; x_wconf 86' lang='lat' dir='ltr'><strong>pulcherrimorum</strong></span> <span class='ocrx_word' id='word_1_181' title='bbox 1167 3385 1243 3453; x_wconf 90' lang='lat' dir='ltr'><strong>ope-</strong></span> 
     </span>
     <span class='ocr_line' id='line_1_28' title="bbox 223 3466 1242 3564; baseline 0.008 -26"><span class='ocrx_word' id='word_1_182' title='bbox 223 3493 297 3544; x_wconf 82' lang='lat' dir='ltr'><strong>rum</strong></span> <span class='ocrx_word' id='word_1_183' title='bbox 317 3466 462 3538; x_wconf 87' lang='lat' dir='ltr'><strong>editione</strong></span> <span class='ocrx_word' id='word_1_184' title='bbox 480 3471 667 3561; x_wconf 87' lang='lat' dir='ltr'><strong>conspicui.</strong></span> <span class='ocrx_word' id='word_1_185' title='bbox 687 3475 726 3540; x_wconf 89' lang='lat' dir='ltr'><strong>In</strong></span> <span class='ocrx_word' id='word_1_186' title='bbox 746 3473 799 3542; x_wconf 82' lang='lat' dir='ltr'><strong>lris</strong></span> <span class='ocrx_word' id='word_1_187' title='bbox 819 3473 943 3564; x_wconf 85' lang='lat' dir='ltr'><strong>passim</strong></span> <span class='ocrx_word' id='word_1_188' title='bbox 961 3473 1101 3564; x_wconf 81' lang='lat' dir='ltr'><strong>legimus</strong></span> <span class='ocrx_word' id='word_1_189' title='bbox 1128 3495 1242 3545; x_wconf 86' lang='lat' dir='ltr'><strong>eorum</strong></span> 
     </span>
     <span class='ocr_line' id='line_1_29' title="bbox 224 3587 1244 3665; baseline 0.007 -7"><span class='ocrx_word' id='word_1_190' title='bbox 224 3587 414 3658; x_wconf 86' lang='lat' dir='ltr'><strong>testimonia</strong></span> <span class='ocrx_word' id='word_1_191' title='bbox 431 3591 586 3657; x_wconf 87' lang='lat' dir='ltr'><strong>anatic</strong></span> <span class='ocrx_word' id='word_1_192' title='bbox 606 3589 701 3660; x_wconf 78' lang='lat' dir='ltr'><strong>valde</strong></span> <span class='ocrx_word' id='word_1_193' title='bbox 719 3589 898 3662; x_wconf 71' lang='lat' dir='ltr'><strong>honorilice</strong></span> <span class='ocrx_word' id='word_1_194' title='bbox 919 3645 927 3662; x_wconf 91' lang='lat'><strong>.</strong></span> <span class='ocrx_word' id='word_1_195' title='bbox 947 3589 980 3664; x_wconf 84' lang='lat' dir='ltr'><strong>Is</strong></span> <span class='ocrx_word' id='word_1_196' title='bbox 1001 3613 1019 3660; x_wconf 81' lang='lat' dir='ltr'><strong>a</strong></span> <span class='ocrx_word' id='word_1_197' title='bbox 1044 3589 1154 3664; x_wconf 84' lang='lat' dir='ltr'><strong>Mario</strong></span> <span class='ocrx_word' id='word_1_198' title='bbox 1179 3597 1244 3665; x_wconf 86' lang='lat' dir='ltr'><strong>Lu-</strong></span> 
     </span>
     <span class='ocr_line' id='line_1_30' title="bbox 225 3694 1243 3796; baseline 0.006 -23"><span class='ocrx_word' id='word_1_199' title='bbox 225 3700 262 3796; x_wconf 83' lang='lat' dir='ltr'><strong>pi</strong></span> <span class='ocrx_word' id='word_1_200' title='bbox 282 3700 401 3772; x_wconf 91' lang='lat' dir='ltr'><strong>dicitur</strong></span> <span class='ocrx_word' id='word_1_201' title='bbox 420 3694 469 3769; x_wconf 80' lang='lat' dir='ltr'><strong>vir</strong></span> <span class='ocrx_word' id='word_1_202' title='bbox 487 3694 692 3775; x_wconf 75' lang='lat' dir='ltr'><strong>clarissrmus</strong></span> <span class='ocrx_word' id='word_1_203' title='bbox 710 3705 764 3796; x_wconf 85' lang='grc' dir='ltr'><strong>(ι)</strong></span> <span class='ocrx_word' id='word_1_204' title='bbox 782 3711 819 3774; x_wconf 79' lang='lat' dir='ltr'><strong>et</strong></span> <span class='ocrx_word' id='word_1_205' title='bbox 841 3699 1091 3796; x_wconf 68' lang='lat' dir='ltr'><strong>expertissimo</strong></span> <span class='ocrx_word' id='word_1_206' title='bbox 1109 3705 1145 3778; x_wconf 81' lang='lat' dir='ltr'><strong>t&#39;n</strong></span> <span class='ocrx_word' id='word_1_207' title='bbox 1169 3719 1243 3779; x_wconf 76' lang='lat' dir='ltr'><strong>aare</strong></span> 
     </span>
    </p>
   </div>
   <div class='ocr_carea' id='block_1_4' title="bbox 570 3872 901 3917">
    <p class='ocr_par' dir='ltr' id='par_1_8' title="bbox 570 3872 901 3917">
     <span class='ocr_line' id='line_1_31' title="bbox 570 3872 901 3917; baseline 0.006 -17"><span class='ocrx_word' id='word_1_208' title='bbox 570 3872 901 3917; x_wconf 61' lang='lat' dir='ltr'><strong>mmmmm</strong></span> 
     </span>
    </p>
   </div>
   <div class='ocr_carea' id='block_1_5' title="bbox 266 3949 1246 4044">
    <p class='ocr_par' dir='ltr' id='par_1_9' title="bbox 266 3949 1246 4044">
     <span class='ocr_line' id='line_1_32' title="bbox 266 3949 1246 4044; baseline 0.017 -35"><span class='ocrx_word' id='word_1_209' title='bbox 266 3949 318 4032; x_wconf 82' lang='grc' dir='ltr'><strong>(ι)</strong></span> <span class='ocrx_word' id='word_1_210' title='bbox 339 3949 440 4014; x_wconf 79' lang='lat' dir='ltr'><strong>Codex</strong></span> <span class='ocrx_word' id='word_1_211' title='bbox 454 3949 602 4037; x_wconf 81' lang='lat' dir='ltr'><strong>diplomat.</strong></span> <span class='ocrx_word' id='word_1_212' title='bbox 619 3954 700 4027; x_wconf 83' lang='lat' dir='ltr'><strong>sirit.</strong></span> <span class='ocrx_word' id='word_1_213' title='bbox 722 3969 753 4023; x_wconf 83' lang='lat' dir='ltr'><strong>et</strong></span> <span class='ocrx_word' id='word_1_214' title='bbox 777 3953 1164 4044; x_wconf 70' lang='lat' dir='ltr'><strong>euasuebegsn.vot1</strong></span> <span class='ocrx_word' id='word_1_215' title='bbox 1180 3956 1246 4036; x_wconf 70' lang='lat' dir='ltr'><strong>ts:</strong></span> 
     </span>
    </p>
   </div>
   <div class='ocr_carea' id='block_1_6' title="bbox 0 0 1651 4959">
    <p class='ocr_par' dir='ltr' id='par_1_10' title="bbox 0 0 1651 4959">
     <span class='ocr_line' id='line_1_33' title="bbox 0 0 1651 4959; baseline 0 0"><span class='ocrx_word' id='word_1_216' title='bbox 0 0 1651 4959; x_wconf 95' lang='lat' dir='ltr'><strong> </strong></span> 
     </span>
    </p>
   </div>
  </div>
 </body>
</html>
