3259 4959
399 346 512 403 xxvii!

398 457 566 552 religionis
586 452 681 525 ardor
699 444 921 543 expresserit3
940 464 975 519 ot
998 444 1100 535 liaeo,
1128 446 1264 542 inquam
1286 504 1296 535 ,
1324 426 1413 545 quae

398 574 646 647 meminerimus
667 590 822 657 semper,
841 566 940 635 modo
956 562 1154 649 obliviscar,
1183 566 1269 635 nihil
1297 566 1412 655 probis

397 692 588 765 hominibus
608 686 772 778 acceptius
792 680 864 754 esse
880 684 1012 777 iudico,
1031 684 1116 752 nihil
1136 684 1177 752 ad
1198 684 1352 753 virtutem
1371 710 1411 753 a·

397 812 530 884 landam
552 806 828 879 accommodatius
848 805 890 874 iis
905 804 1080 874 luculentis
1099 803 1300 872 orationibus
1310 826 1412 895 ,qaas

397 925 516 997 habuit
536 922 675 993 solemni
695 944 818 1011 pompa
837 935 872 987 et
904 932 1063 1008 apparatu
1090 918 1126 986 in
1154 940 1274 1009 magna
1299 918 1411 988 homi-

397 1062 477 1108 num
515 1037 780 1107 doctissimorum
826 1030 1044 1123 frequentia,
1082 1049 1119 1100 ut
1148 1032 1411 1102 adolescentibus

268 1163 275 1181 ⁸
354 1216 359 1225 .
397 1152 533 1246 hujusce
553 1152 615 1221 loci
634 1150 775 1220 alumnis
796 1148 984 1217 ostenderet
1004 1165 1151 1216 tenerum
1171 1147 1332 1235 pueritiae
1353 1148 1413 1214 llo-

398 1290 467 1336 rem
487 1266 582 1334 bouis
602 1288 675 1335 esse
700 1261 845 1331 moribus
877 1261 989 1353 prius,
1024 1284 1124 1364 quam
1157 1260 1253 1329 bonis
1286 1260 1411 1330 artibus

398 1384 648 1473 imbuendum3
683 1408 774 1453 sacra
800 1398 834 1451 et
867 1380 1001 1471 profana
1031 1380 1137 1448 studia
1165 1378 1311 1447 litterato
1341 1380 1411 1447 viro

396 1498 559 1593 jungenda
578 1528 588 1586 3
605 1500 690 1567 nihil
718 1520 791 1569 esse
812 1496 919 1585 magis
939 1495 1078 1562 noxium
1098 1518 1135 1561 ac
1155 1490 1346 1583 pestilemm
1360 1518 1413 1561 va·

397 1636 440 1681 na
470 1630 503 1681 et
535 1612 625 1680 inani
654 1610 813 1678 scientiae
843 1607 1028 1699 opinione3
1064 1607 1295 1697 gravissimum
1328 1606 1412 1675 sacri

399 1729 535 1797 oratoris
555 1752 676 1796 munus
712 1752 866 1817 magnam
890 1750 1024 1818 poscere
1044 1726 1252 1817 eloquentiae
1283 1726 1350 1794 vim
1379 1740 1414 1794 et

398 1846 548 1936 copiam3
584 1847 669 1914 hano
700 1870 773 1915 veru
799 1870 842 1915 ex
866 1846 988 1915 divinis
1006 1845 1142 1917 Litteris
1161 1862 1344 1935 'tamquam
1367 1865 1411 1911 ex

398 1957 487 2029 fonte
507 1960 722 2028 hauriendam
743 1984 832 2029 esse.
849 1962 888 2030 In
908 1960 1026 2053 quibus
1045 1960 1185 2031 oratorie
1209 1958 1412 2050 exponendis

398 2078 588 2169 eruditeque
608 2079 785 2149 tractandis
805 2079 974 2171 voluptate
993 2081 1093 2150 simul
1122 2104 1215 2150 aures
1241 2076 1413 2170 perfunde·

397 2196 476 2283 bat,
497 2213 529 2267 et
548 2197 635 2268 vitae
656 2201 839 2293 praeceptis
859 2201 954 2271 valde
973 2200 1137 2293 fmgiferis
1165 2197 1294 2268 animos
1313 2195 1416 2265 infor*

399 2312 534 2383 mabat.
554 2314 676 2384 lisdem
698 2312 765 2387 fere
795 2316 948 2386 laudibus
981 2317 1168 2387 exornanda
1192 2314 1333 2384 facilitas
1354 2310 1415 2380 illa

291 2464 296 2474 ι
397 2450 503 2516 paene
530 2428 773 2511 incredibilis,
802 2454 865 2518 qua
899 2446 1051 2519 prompte
1080 2431 1249 2517 soluteque
1286 2424 1410 2495 evolvit

400 2554 498 2628 utque
518 2538 674 2627 explanat
693 2556 888 2629 argumenta
908 2540 1076 2629 quaelibet
1095 2541 1147 2608 vel
1164 2540 1359 2607 difficillima
1380 2554 1416 2608 ct

400 2650 638 2720 subtilissima.
659 2652 748 2720 Nam
769 2653 839 2719 sive
859 2652 899 2720 de
920 2652 1038 2721 artium
1067 2653 1217 2721 omnium
1248 2676 1286 2721 ac
1315 2653 1416 2722 disci-

400 2770 563 2860 plinarum
585 2770 714 2840 vinculo
735 2788 768 2839 et
787 2772 980 2861 cognatione
1001 2772 1160 2862 loquitur,
1179 2770 1249 2841 sive
1264 2772 1304 2840 de
1324 2772 1415 2841 inve-

402 2884 572 2973 stigandae
593 2902 690 2975 atque
724 2886 908 2955 imitandae
935 2904 1069 2955 naturae
1097 2886 1256 2976 legibus,
1284 2888 1354 2955 sive
1373 2887 1416 2957 de

403 2998 560 3067 scientiae
580 2999 737 3067 naturalis
757 3000 875 3067 linibus
897 3002 1115 3091 propagandis
1144 2999 1353 3090 indagatione
1378 3017 1414 3069 et

401 3110 592 3181 inventione
613 3136 718 3181 rerum
740 3138 913 3197 nocturum,
932 3115 1002 3182 sive
1022 3114 1062 3183 de
1081 3114 1180 3204 certis
1200 3131 1234 3182 et
1257 3133 1414 3183 constan-

402 3222 541 3295 tissimis
561 3227 648 3317 apud
669 3247 782 3295 onmes
816 3230 953 3330 populos
984 3228 1181 3297 imitationis
1209 3228 1413 3320 principiis,

401 3345 480 3431 quid
501 3346 542 3414 iis
560 3346 761 3415 orationibus
781 3346 910 3417 facilius
929 3350 1069 3419 inveniri
1090 3352 1230 3440 potest?
1261 3350 1344 3440 Quis
1372 3374 1416 3419 eo

400 3462 583 3553 promptior
602 3466 643 3534 ad
666 3466 866 3537 dicendum?
883 3469 981 3538 Nihil
1000 3486 1056 3538 aut
1075 3470 1191 3539 durum
1211 3470 1246 3537 in
1277 3468 1411 3556 verbis,

404 3598 459 3649 aot
478 3583 513 3650 in
532 3586 703 3655 sententiis
725 3590 926 3677 violentum3
945 3590 1057 3659 omnia
1077 3614 1136 3659 sua
1171 3587 1265 3681 quasi
1294 3602 1411 3676 sponte

401 3712 573 3775 enaturae
592 3698 665 3767 sinu
686 3704 911 3793 erumpentia3
931 3728 1038 3773 sermo
1066 3703 1220 3791 expedite
1253 3722 1383 3769 currens
1402 3725 1414 3786 ;

407 3836 489 3883 vena
508 3817 554 3885 ita
576 3816 667 3886 dives
681 3836 745 3909 ,ut
766 3845 945 3913 numquam
975 3824 1158 3906 minuatur,
1178 3820 1224 3888 ita
1244 3820 1347 3888 fluens
1372 3817 1412 3886 li·

399 3932 497 4023 bere,
526 3950 743 4029 utnusquam
762 3939 908 4012 insistat.
925 3942 1013 4011 Hinc
1032 3941 1091 4012 illa
1109 3938 1326 4033 perspicuitas
1352 3960 1411 4007 seu
