3259 4959
397 344 468 447 'll
855 368 942 425 rma

442 482 581 563 Interim
595 482 852 576 obitClemens‚
865 514 885 559 a
898 512 963 581 quo
975 488 1119 561 ioannes
1131 506 1196 561 non
1212 500 1338 569 temere
1349 487 1421 589 pole

397 605 491 683 liceri
511 626 638 703 poterat
656 611 720 679 sibi
745 609 909 702 plurima,
932 624 1046 699 utpote
1062 606 1119 699 qui
1139 608 1252 681 eidem
1270 615 1424 706 cogrritus

397 752 433 801 ct
460 745 629 823 acceptus.
654 730 832 803 Persolutis
851 726 1116 799 novemdialibus
1135 728 1256 816 sacris,
1283 733 1424 807 comitia

398 840 515 917 baberi
544 860 661 934 coepta
684 844 726 913 ad
757 867 878 915 novum
897 842 1090 913 Pontificem
1110 842 1323 937 eligendum.
1349 848 1426 923 Oli-

398 985 439 1033 re
469 962 512 1031 iis
536 962 691 1032 omnibus
717 960 803 1031 sacri
829 957 972 1049 Collegii
992 958 1186 1029 auctoritate
1212 960 1420 1051 praeficitur,

397 1080 455 1173 qui
475 1098 573 1168 sunt,
591 1080 640 1149 uti
665 1080 805 1165 dicitur,
833 1102 854 1149 a
874 1076 1029 1149 secretis.
1047 1079 1130 1147 Prae
1148 1077 1267 1149 ceteris
1282 1074 1341 1149 ille
1359 1079 1422 1151 eli·

400 1188 496 1289 gitur
507 1200 548 1269 ad
563 1198 710 1287 amplum
727 1193 1012 1267 munus.Jubetur
1028 1194 1157 1265 scilicet
1174 1218 1219 1271 ex
1236 1198 1338 1267 reteri
1352 1201 1420 1271 Ec.

398 1315 520 1385 clesiae
541 1338 632 1387 more
651 1314 807 1405 epistolas
827 1307 948 1383 latinas
966 1307 1111 1384 scribere
1136 1310 1314 1387 adornares
1333 1317 1424 1409 prin·

397 1430 490 1520 cipes
511 1452 548 1499 ac
577 1452 668 1520 reges
697 1424 941 1499 communionis
960 1417 1163 1515 catholicae3
1179 1430 1266 1521 quod
1281 1427 1333 1499 illi
1354 1431 1422 1503 ral-

263 1596 273 1615 ..
289 1591 326 1623 u
350 1580 358 1615 .-
397 1538 440 1619 de
466 1545 697 1619 honorificum.
728 1544 816 1617 Illud
839 1568 916 1616 vero
939 1544 1065 1638 magis,
1094 1547 1181 1636 quod
1205 1547 1302 1637 plene
1329 1556 1421 1625 auto

397 1662 527 1735 muneri
541 1659 755 1745 satisfecerit,
773 1683 811 1729 ac
830 1658 1029 1749 reprobarit
1047 1658 1126 1729 viris
1138 1659 1262 1755 judicio
1278 1679 1313 1732 et
1325 1658 1423 1737 intel·

399 1780 537 1874 ligantia
560 1778 822 1872 praestantibus,
847 1777 935 1847 inter
949 1773 1009 1849 bos
1034 1778 1205 1855 cardinali
1232 1776 1275 1851 de
1289 1780 1422 1873 liobae,

400 1902 458 1993 qni
486 1924 597 1971 secum
618 1915 698 1991 post.
711 1897 857 1969 traduxit
875 1898 985 1989 ipsum
1004 1894 1039 1968 in
1058 1896 1225 1986 Galliam,
1241 1917 1275 1971 et
1293 1896 1421 1993 praefe-

397 2020 446 2089 cit
464 2016 609 2085 eximiae
628 2014 678 2083 illi
692 2036 771 2083 suae
789 2016 898 2104 (quae
916 2013 998 2082 olim
1013 2012 1144 2083 Thuani
1159 2012 1286 2107 fuerat)
1299 2016 1426 2087 biblio-

397 2104 516 2221 tlrecrie
537 2152 574 2197 ac
594 2150 669 2195 vera
689 2125 834 2217 insigni,
852 2124 1011 2198 librorum
1030 2125 1158 2217 pretio,
1173 2126 1336 2216 editione,
1357 2153 1422 2201 nu·

401 2268 513 2331 mero,
532 2239 712 2315 varietate.
1188 2302 1191 2306 ,

449 2358 592 2433 Joannes
619 2356 704 2427 hanc
734 2350 767 2424 in
800 2352 931 2429 deliciis
951 2350 1115 2445 babebat,
1133 2378 1173 2431 ae
1195 2355 1363 2451 perstabat
1383 2358 1422 2431 in

401 2500 443 2547 ea
470 2474 616 2545 diutius.
646 2474 758 2563 thue
786 2488 858 2540 erat
884 2472 1080 2542 eruditionis
1109 2472 1421 2565 appetentissimus,

401 2591 585 2663 maximam
605 2586 670 2656 sibi
691 2586 820 2677 peperit
837 2585 1048 2659 historiarum
1072 2603 1107 2655 et
1125 2587 1312 2658 reconditae
1331 2588 1422 2657 anti-

401 2706 540 2799 quitatis
558 2704 728 2793 notitiam,
747 2703 817 2773 imo
835 2702 1057 2793 multiplicem
1073 2727 1204 2795 prorsus
1230 2701 1421 2776 scientiam:

397 2844 484 2915 quaa
506 2840 673 2913 quousque
703 2817 838 2887 demum
862 2838 1034 2908 progressa
1063 2816 1161 2889 fuerit
1188 2835 1237 2891 tot
1262 2804 1422 2892 librorum

399 2940 556 3010 continuo
572 2960 631 3007 usu
657 2954 692 3005 et
710 2930 945 3007 consuetudine
969 2932 1177 3047 ?quntem
1198 2934 1422 3015 bibliothecae

401 3057 538 3127 custode
550 3054 658 3125 facilis
668 3056 711 3125 ad
725 3056 878 3127 eamdem
891 3055 1000 3125 aditus
1014 3054 1151 3126 eruditis
1163 3052 1317 3125 omnibus
1329 3052 1425 3141 uiris,

330 3266 333 3273 Ι
399 3172 445 3243 iis
467 3170 659 3262 praesertim
680 3170 736 3259 qui
754 3172 922 3243 Ecclesiae
938 3169 1081 3248 addicti:
1102 3170 1160 3241 ille
1176 3169 1331 3259 omnibus
1348 3170 1424 3241 ade

402 3304 456 3359 rat
478 3307 597 3378 opera,
621 3287 761 3358 consilio
771 3341 781 3373 ‚
801 3288 897 3359 libris
907 3312 922 3358 .·
936 3291 1006 3359 Hos
1019 3288 1228 3380 accipiebant
1245 3289 1303 3381 qui
1322 3288 1426 3379 petie·

401 3416 496 3489 rmrt3
509 3398 632 3471 licebat
651 3424 726 3471 vero
744 3418 1118 3493 quoscumquefpeterc,
1136 3415 1171 3471 et
1189 3423 1300 3471 secum
1320 3399 1425 3469 etiam

405 3514 539 3587 eosdem
560 3514 733 3585 transferre
751 3516 908 3602 domum,
922 3516 1028 3607 iisque
1047 3517 1096 3585 uti
1108 3538 1169 3607 pro
1185 3513 1310 3585 lubito.
1325 3516 1375 3584 Ac
1392 3514 1425 3583 si

405 3628 490 3703 forte
511 3632 667 3718 deerant,
683 3654 764 3723 qnos
783 3634 807 3703 ii
825 3633 1006 3723 petissent,
1022 3632 1137 3702 statim
1152 3628 1427 3722 comparabantur

407 3764 445 3819 ut
464 3748 652 3842 perentibus
672 3749 860 3819 satisfieret.
878 3752 988 3820 Tanta
1005 3767 1077 3820 erat
1099 3748 1217 3821 Olirae
1234 3745 1425 3817 humanitas
1474 3764 1477 3767 ⁴

402 3881 443 3969 'et
467 3862 612 3937 studium
638 3862 772 3963 jurandi
798 3866 936 3935 omnes!
965 3880 1056 3937 tanta
1075 3888 1203 3959 quoque
1228 3861 1424 3935 eminentis-

409 3978 489 4061 simi
504 3980 666 4080 principis
683 3979 886 4059 liberalitas!
908 3986 966 4081 qui
993 3983 1030 4058 in
1052 3984 1181 4058 litteras
1200 4008 1239 4056 ae
1263 3981 1427 4053 litteratos
