3259 4959
35 4007 44 4078 i

531 382 702 438 cusanam
721 383 928 438 coenoman
1174 364 1246 462 437

228 516 327 592 tupcr
342 497 491 572 amicitia
524 500 659 572 comitis
681 502 806 572 Aurelii
827 500 1003 574 Guarnicri
1028 502 1144 574 Ottoni
1166 507 1247 594 (1),

231 623 340 712 magni
370 621 515 690 nominis
553 621 750 712 antiquarii,
774 646 833 712 per
859 623 1016 714 epistolas
1049 642 1179 694 mutuas
1199 627 1248 694 iu-
1284 601 1289 614 .

222 729 304 804 ita.
338 734 410 806 Sibi
462 734 644 825 plurimum
687 734 882 806 devinxerat
921 735 1082 808 Jacoburn
1115 761 1246 830 quoque

227 843 456 938 Bellogradum
494 848 770 917 mathematicum
805 865 874 917 tota
905 853 1036 939 Europa
1069 851 1246 922 celeberri·
1283 938 1286 946 Ι

229 989 320 1034 mum
340 969 416 1057 (a),
436 967 713 1038 ctelariraimum
733 969 927 1038 Brunatium
950 1019 961 1054 ,
983 970 1040 1059 qui
1074 993 1139 1040 non
1175 997 1248 1040 raro

231 1082 274 1151 ad
293 1105 368 1152 eom
389 1082 575 1152 ventitabat
595 1085 669 1174 (ὅ).
688 1083 1003 1176 Coniunctissimum
1025 1110 1101 1156 vero
1129 1088 1249 1158 habuit

228 1197 442 1267 Franciscum
474 1196 665 1288 Scipionem
686 1195 729 1271 ab
747 1199 946 1288 Horologio,
966 1201 1154 1270 Praesulem
1183 1228 1250 1272 nou

230 1314 391 1406 dignitato
410 1315 537 1400 minus,
553 1341 653 1408 quam
672 1317 811 1388 cruditis
827 1318 1049 1388 monumentis
1059 1319 1249 1392 illustrem.

228 1429 328 1520 Apud
355 1429 443 1500 hone
492 1430 717 1502 dirersabatur
758 1433 886 1523 quoties
909 1412 1103 1502 ¹Patavium
1135 1435 1251 1504 renie-

229 1545 313 1632 bat,
332 1549 385 1618 vel
405 1547 448 1618 ab
470 1565 578 1619 aetate
601 1551 735 1620 incunte
756 1545 841 1620 altos
861 1551 895 1620 in
916 1549 987 1642 cius
1016 1550 1134 1620 domo.
1172 1550 1249 1618 Nec
1360 1546 1365 1558 '

228 1661 326 1734 italos
347 1681 473 1733 tantum
484 1715 494 1750 ,
517 1664 626 1756 plures
646 1681 815 1756 praetcrea
834 1689 876 1734 ex
904 1664 1049 1744 exteris,
1071 1688 1113 1733 cx
1128 1663 1250 1756 Aegiis

231 1779 416 1850 scilicetne
436 1779 613 1851 Germanis
637 1779 754 1848 habuit
772 1780 837 1848 eibi
860 1779 988 1848 deditos
1008 1793 1042 1846 et
1070 1777 1248 1865 addictoa3

230 1913 305 1962 cunr
325 1891 378 1962 his
397 1893 557 1964 litteraria
575 1894 626 1962 itti
647 1910 717 1964 erat
736 1895 937 1964 consuetudo
956 1945 967 1979 ,
991 1918 1067 1963 curn
1102 1893 1155 1962 his
1187 1891 1247 1962 ille

229 2005 348 2098 agebat
365 2007 407 2076 de
426 2007 523 2077 rebus
557 2008 722 2098 politioris
760 2009 996 2093 litteraturae,
1036 2006 1240 2098 gravioribus

229 2127 332 2195 ctiam
353 2127 540 2217 disciplinis
560 2151 598 2194 ac
618 2127 737 2196 studiis
756 2151 833 2217 par.
854 2127 1140 2195 Inscribcodorom
1159 2125 1243 2215 lapi-

228 2245 308 2326 durn
331 2270 407 2316 cura
427 2245 589 2316 exercituo
609 2247 788 2318 multorum
808 2263 923 2339 rogatu
941 2246 1047 2317 edidit
1066 2245 1176 2337 piures
1196 2249 1242 2318 ri·

231 2359 611 2460 tuloscunriudustria.
661 2377 663 2382 '

275 2473 327 2544 Ad
350 2475 431 2544 haec
450 2491 645 2567 ornamenta
661 2459 786 2566 ingenii
808 2499 927 2568 magna
965 2473 1065 2546 fiebat
1101 2477 1246 2546 accessio

228 2585 335 2658 laudis
360 2589 402 2658 ab
422 2588 492 2684 ejus
514 2591 680 2662 moribus.
700 2585 802 2662 Erant
824 2594 859 2663 hi
893 2592 1033 2683 integri,-
1066 2590 1245 2677 liberales,

226 2697 381 2796 ingenui.
401 2704 610 2774 Adeuntibua
631 2705 762 2776 facilem
783 2733 819 2778 se
835 2709 1017 2800 praebebat
1040 2706 1242 2798 cajetanus,

227 2817 413 2909 iisdemque
434 2819 548 2887 oderat
569 2871 579 2904 ,
599 2819 656 2888 ubi
675 2845 756 2912 opua
781 2839 886 2892 essct.
907 2822 990 2894 Suos
1021 2837 1131 2889 tamen
1164 2843 1247 2891 aeus

226 2960 281 3006 aua
302 2939 438 3027 prodero
459 2936 613 3008 omnibus
644 2963 709 3007 nou
740 2941 890 3009 colebat.
924 2941 1041 3009 Celare
1075 2936 1243 3027 sapienter

226 3072 359 3126 noverat
378 3055 483 3126 animi
503 3059 554 3126 sui
575 3059 712 3130 consilia
737 3109 747 3144 ,
778 3083 848 3129 rem
882 3055 1062 3148 aliqnando
1095 3053 1239 3128 referens

226 3172 268 3240 od
287 3165 460 3242 arcanum.
481 3177 519 3244 In
549 3175 770 3246 Seminarium
801 3175 997 3263 patarinum
1033 3195 1240 3262 propensus,

224 3290 276 3358 rel
295 3290 413 3360 absens
432 3293 558 3362 studuit
579 3291 727 3387 ejusdem
763 3293 913 3385 gloriae.
946 3291 1116 3363 Liberalcs
1150 3307 1237 3363 artes

564 3481 895 3513 ΜΜΜΜΜΜΜ

264 3587 313 3669 (t)
335 3583 413 3655 Vide
439 3585 588 3671 epistolam
609 3587 647 3650 ad
670 3589 876 3672 Hieronymum
902 3587 1058 3653 Ascanium
1087 3589 1232 3656 Malim

227 3710 293 3776 pag.
305 3691 362 3754 tx.
382 3692 564 3776 praemissam
580 3693 659 3775 operi
670 3739 680 3769 ,
691 3691 768 3776 qnod
786 3690 975 3757 inscribitur:
996 3700 1111 3778 Sepeia
1131 3699 1164 3757 dr·
1178 3719 1240 3775 rae·⁴

222 3806 313 3862 merie
333 3803 416 3862 della
436 3812 518 3861 terra
537 3801 571 3862 di
591 3799 759 3863 Mourelice
778 3823 839 3866 cte.

263 3903 847 3992 (fflwwme'

266 4014 315 4096 (ὅ)
338 4013 417 4078 Vide
439 4013 500 4096 cjos
518 4012 606 4076 vitam
627 4033 693 4098 pag.
715 4011 786 4091 334.
