3259 4959
391 358 458 431 232
735 430 739 438 ,
864 378 948 429 vrrs

389 530 453 596 que
469 501 697 572 cardinalatus
716 499 900 595 insignibus
921 501 1094 572 artificiose
1113 498 1289 575 elaboratis
1309 524 1343 577 et
1357 506 1411 577 in·

327 596 329 605 .
386 622 524 711 sculptis
546 622 582 689 in
605 622 751 711 onyche,
769 622 844 711 poni
867 623 969 690 voluit
993 622 1034 690 ad
1054 621 1125 714 ejus
1146 627 1305 695 tumulum
1327 652 1404 696 cum

385 752 535 805 accurata
555 735 789 825 inscriptione.
810 740 853 805 Et
868 736 909 803 ad
930 734 1036 828 majus
1053 735 1204 828 ejusdem
1223 741 1275 807 sui
1295 743 1405 831 patrui

386 853 507 937 deeras,
521 854 717 945 vulgandam
737 856 863 923 curavit
881 878 958 921 suaa
983 854 1090 945 gentis
1109 855 1303 949 historiam(
1319 884 1405 953 quae

385 982 500 1037 tamen
520 967 655 1037 biennio
675 984 801 1037 tantum
823 984 896 1057 post
920 967 991 1059 ejus
1009 966 1136 1037 obitum
1156 970 1190 1036 in
1210 971 1318 1039 lucem
1343 997 1399 1041 ex-

383 1084 426 1155 iit
450 1087 503 1177 (a.)
522 1090 554 1175 ),
588 1087 710 1155 additis
735 1085 938 1177 imaginibus
970 1088 1143 1177 magnifico
1172 1105 1306 1179 sumptu
1326 1090 1401 1180 (2),

387 1228 426 1272 ae
446 1228 547 1295 prope
567 1203 675 1296 regio.
696 1204 730 1275 S.
751 1204 892 1273 Zenonis
920 1206 1042 1295 scripta
1071 1208 1222 1275 Veronae
1241 1208 1400 1276 antistitis

385 1322 430 1391 ab
461 1324 645 1417 Augustino
680 1326 816 1395 Valerio
846 1341 942 1394 antea
970 1325 1060 1394 edita
1078 1349 1187 1395 rursus
1213 1327 1267 1396 edi
1288 1327 1399 1419 splen-

387 1440 497 1510 didius
517 1441 631 1534 iussit.
649 1448 691 1515 Et
709 1444 869 1513 ecclcsiae
889 1444 1076 1513 veronensis
1086 1443 1256 1514 historiam
1270 1445 1313 1515 ab
1331 1472 1401 1517 eru-

385 1555 466 1624 ditis
488 1556 566 1623 viris
586 1556 803 1647 conscriptam
823 1556 914 1648 jussu
936 1571 996 1626 suo
1014 1581 1074 1647 per
1092 1575 1188 1647 typos
1207 1558 1331 1647 publici
1350 1560 1400 1654 ju-

383 1675 430 1743 ris
450 1674 549 1759 fecit3
573 1690 609 1742 ut
641 1674 741 1753 etiam
762 1674 794 1742 S.
815 1674 993 1744 Gaudentii
1015 1691 1047 1743 et
1066 1673 1205 1743 aliorum
1224 1676 1397 1766 episcopo-

386 1810 459 1856 rurn
479 1786 697 1855 brixiensium
713 1810 810 1875 opera
830 1787 924 1855 novis
940 1787 1205 1855 annotationibus
1218 1802 1311 1856 ancta
1320 1788 1372 1880 (3)
1386 1840 1398 1873 ‚

384 1922 469 1988 quaa
490 1916 563 1989 post
581 1900 616 1968 in
636 1899 829 1969 collectione
848 1916 994 1969 veterum
1011 1918 1141 1991 patrum
1157 1901 1328 1971 brixianae
1347 1926 1398 1973 ac·

382 2015 503 2086 clasiae
527 2017 701 2109 splendide
719 2019 834 2087 emisit
850 2020 1089 2089 eruditissimus
1116 2017 1304 2109 Cardinalis
1331 2022 1399 2090 Aa·

385 2131 477 2227 gelus
505 2131 612 2201 Maria
632 2131 789 2220 Quirinus
813 2132 945 2203 Brixiae
964 2133 1157 2223 episcopus.

432 2250 530 2320 Sacra
551 2249 714 2341 virginum
732 2250 891 2321 coenobia
909 2253 1114 2338 aedificavit,
1130 2269 1165 2322 et
1179 2253 1294 2322 annuis
1306 2274 1397 2343 prae·

385 2380 475 2433 terea
503 2364 663 2433 reditibus
691 2366 881 2435 stabilivit.
910 2366 1095 2437 Seminaria
1117 2368 1397 2459 partimrefecit,

383 2479 506 2571 partim
527 2480 761 2569 amplilicarit3
782 2480 977 2549 Patauinum
1006 2482 1098 2550 auxit
1124 2482 1298 2566 nobiliter,
1321 2506 1394 2552 rna-

381 2596 500 2688 gnifica
518 2596 712 2687 praesertim
733 2614 896 2667 exstructa
913 2599 987 2667 aula
1006 2600 1101 2668 libris
1114 2600 1320 2668 continendis
1339 2601 1395 2669 ad-

379 2708 488 2779 dicta:
509 2711 644 2805 ejusque
662 2711 790 2803 regulas
809 2713 931 2781 servari
951 2713 1056 2782 voluit
1074 2714 1338 2783 accuratissime.

426 2830 492 2921 Qui
513 2831 553 2898 de
572 2830 724 2899 omnibns
745 2832 916 2921 magnilica
944 2832 1128 2923 cogitabat,
1148 2833 1189 2902 de
1220 2855 1255 2902 se
1276 2832 1392 2901 admo-

380 2945 462 3014 dum
492 2945 662 3014 demisse.
693 2946 862 3015 Cardinali
886 2947 1005 3015 Carolo
1031 2946 1213 3036 Augustino
1245 2944 1394 3015 Fabrono

379 3087 458 3134 eum
478 3062 680 3145 adhortanti,
701 3080 736 3130 ut
756 3080 940 3152 pateretur,
960 3088 996 3132 se
1015 3058 1179 3130 nominari
1199 3061 1394 3153 episcopum

381 3176 605 3262 brixiensem
626 3192 701 3245 tunc
722 3178 811 3245 enim
832 3176 960 3246 facilius
991 3178 1099 3267 ipsum
1119 3178 1160 3245 ad
1177 3201 1305 3246 sacram
1320 3203 1397 3270 pur·

379 3312 497 3381 puram
517 3290 613 3361 evehi
632 3312 727 3381 posse
738 3318 749 3378 3
768 3289 898 3359 obstitit
924 3290 1108 3361 constantia
1134 3290 1313 3382 singulari3
1332 3316 1395 3365 nac

722 3549 1054 3587 mmmmmmmm

419 3724 470 3801 (r)
491 3724 588 3804 Typis
607 3722 758 3785 seminarii
776 3723 905 3805 patarini
927 3720 1121 3802 1732intol.
1141 3740 1216 3781 max.

418 3832 467 3909 (2)
489 3829 568 3895 Vide
593 3832 671 3919 plera
697 3828 874 3891 eruditorum
899 3826 1080 3910 lipsiensinm
1106 3825 1144 3887 ad
1177 3844 1283 3887 annum
1313 3824 1388 3905 1735

401 3954 413 3993 d
458 3954 484 3993 l·

376 3950 466 4115 1η(ςδ)
488 4034 621 4099 Prodiere
639 4034 750 4103 Patavii
771 4035 846 4120 typis
866 4032 1034 4099 cominiaais
1056 4052 1131 4096 anno
1157 4050 1231 4116 ¹7²0
1249 4030 1281 4091 in
1297 4035 1324 4105 4.
