3259 4959
576 301 896 357 smonnruumm
1175 305 1239 379 ape

227 423 286 499 liis
305 422 434 520 quoque
451 422 523 521 ejus
541 422 662 515 libris)
681 444 781 515 mam
800 419 959 493 naturalis
969 470 979 507 ,
998 422 1096 495 etad
1121 420 1245 495 doeen-

227 548 306 617 dum
324 535 464 616 idonea!
489 542 629 615 Nullum
655 541 793 613 verbum
816 558 942 612 temere
960 537 1143 627 adscitum,
1166 544 1245 615 nul-

228 665 298 737 lum
317 662 523 735 redundans.
542 654 720 733 Concludit
738 661 853 752 paneis
871 660 997 747 multa.;
1021 659 1102 753 quin
1130 674 1244 731 tanmn

224 780 343 849 eadem
375 775 588 861 inobscuret,
610 788 646 846 et
672 774 761 845 obsit
792 772 1034 867 intelligentiae
1060 771 1242 844 laetorum.

226 896 361 989 Ubique
380 895 496 968 subtili
514 894 658 987 quadam
672 910 707 963 et
724 914 838 984 pressa
857 892 1005 962 oratione
1023 890 1174 977 limatus,
1193 890 1245 961 lsi·

224 1011 343 1081 sterion
362 1011 462 1102 plane
486 1031 623 1079 numero
642 1022 676 1077 et
695 1006 812 1077 modo.
837 1006 903 1096 Qui
921 1006 1016 1097 plura
1035 1005 1246 1092 desiderant,

224 1122 261 1197 in
280 1130 439 1225 subjectis
454 1122 723 1199 annotationibus
741 1124 867 1196 habent
885 1150 950 1217 qno
968 1123 1174 1217 confugiant.
1190 1123 1245 1196 Ibi

224 1238 284 1318 ille
297 1248 490 1339 praecipuos
502 1263 649 1317 auctores
665 1245 792 1315 indicat
800 1262 855 1332 ,et
868 1244 997 1331 fontes,
1013 1260 1049 1316 et
1060 1244 1160 1315 verba
1178 1268 1246 1317 non

221 1376 295 1433 raro
309 1377 445 1453 usurpat
464 1360 638 1451 desumpta
657 1382 699 1430 ex
719 1359 864 1453 antiquis
881 1359 1031 1452 patribus
1051 1375 1086 1431 et
1107 1360 1243 1452 scripto-

225 1475 317 1545 ribus
337 1468 600 1568 probatissimis,
614 1485 729 1566 utpote
752 1474 872 1567 quibus
901 1476 989 1547 inest
1007 1474 1082 1567 plns
1100 1475 1244 1547 auotori-

227 1594 306 1665 tatis
321 1610 356 1664 et
373 1588 551 1685 ponderis.

269 1702 357 1779 llinc
376 1708 447 1803 ejus
466 1726 588 1800 opera,
606 1728 685 1799 prae
707 1704 828 1778 ceteris
855 1706 944 1777 vitae
962 1707 1160 1814 Pontilicnm
1187 1731 1244 1779 ro-

223 1837 412 1909 manorum,
428 1846 447 1891 a
465 1817 580 1891 multis
599 1821 767 1913 quaesita,
779 1820 882 1891 variis
899 1823 935 1890 in
950 1822 1033 1891 loeis
1052 1822 1142 1893 alita
1151 1876 1162 1909 ‚
1174 1848 1245 1896 sae-

222 1962 265 2033 pe
285 1961 323 2011 ae
341 1941 472 2032 saepius
498 1942 607 2028 lecta,
634 1941 669 2011 in
699 1938 831 2011 deliciis
851 1938 986 2028 habita,
1009 1943 1105 2034 quasi
1128 1966 1244 2017 exem-

223 2056 296 2152 plar
314 2057 502 2153 proposita3
521 2060 608 2152 quod
628 2060 763 2152 qnidam
783 2063 944 2154 ingenuus
964 2060 1119 2131 dictionis
1155 2062 1245 2133 color

225 2196 264 2242 ae
282 2174 392 2259 nitor,
407 2186 442 2243 et
457 2174 635 2265 multiplex
654 2175 795 2245 eruditio
815 2200 890 2246 cunr
920 2173 1043 2267 insigni
1068 2175 1244 2266 prudentia

225 2279 392 2373 jungitur.
412 2282 555 2355 'santam
580 2285 645 2355 sibi
664 2284 721 2357 ille
739 2287 1024 2361 existimationem
1047 2288 1241 2381 pepererat!

224 2395 288 2465 Cui
308 2411 419 2467 tamen
438 2422 504 2467 non
523 2396 656 2483 defuere
679 2426 849 2496 censores.

270 2509 373 2581 Anna
386 2510 537 2603 'primurn
553 2512 588 2583 in
608 2538 684 2587 euin
704 2518 855 2609 expediit
871 2517 1015 2589 lacobus
1034 2518 1243 2611 Hyacinthus

223 2620 343 2715 serry,
362 2626 540 2717 primarius¹
565 2627 733 2724 theologus
757 2632 956 2724 patavinus,
976 2631 1069 2729 ouius
1095 2631 1242 2703 criticas

222 2742 483 2815 exercitationes
499 2745 544 2817 de
566 2746 700 2820 Cluisto
723 2752 859 2844 ejusque
881 2750 1019 2845 Virgine
1035 2762 1146 2822 nrotre
1163 2754 1244 2825 San-

223 2853 321 2927 dinus
340 2858 429 2949 prior
456 2860 716 2954 impugnaverat
742 2866 852 2937 studio
878 2868 1045 2941 veritatis.
1078 2872 1128 2939 Ea
1150 2868 1241 2940 eninr

223 2974 333 3066 prima
352 2976 510 3049 historiae
530 2998 580 3053 est
598 2982 677 3071 lex,
694 3006 739 3055 ne
757 2983 842 3077 quid
850 2982 942 3079 falsi
958 2986 1072 3058 dicere
1090 2984 1240 3073 audeat,-

222 3085 345 3161 deinde
356 3145 368 3179 ,
379 3116 421 3162 ne
434 3092 518 3185 quiid
531 3098 601 3168 veri
616 3124 683 3169 non
692 3098 819 3173 audeat
829 3104 896 3197 (ι).
908 3104 1096 3197 Theologns
1109 3104 1242 3198 itaque,

222 3204 410 3293 ceteroquin
433 3209 689 3300 celeberrimus,
716 3240 791 3287 eum
812 3241 849 3287 se
875 3216 1004 3289 videret
1024 3218 1241 3308 lacessitum,

221 3319 369 3410 vulgavit
387 3348 470 3393 ann.
503 3331 590 3417 1735
616 3331 927 3405 Aninrudversrones
958 3334 1174 3406 anticritt'eas
1200 3338 1238 3407 in

223 3431 396 3502 historiam
415 3438 575 3510 Familiae
594 3466 726 3513 sacrae:
747 3446 868 3536 quibus
895 3472 960 3518 non
993 3450 1143 3522 modeste
1171 3452 1239 3523 mi-

220 3572 282 3619 nus
292 3602 303 3637 ‚
322 3572 422 3642 quam
440 3551 568 3623 erudite
586 3556 756 3645 respondit
773 3560 937 3633 Antonius
955 3562 992 3635 in
1017 3562 1164 3639 editione
1186 3566 1239 3639 al·

558 3762 889 3797 mmmmm

264 3930 314 4011 (1)
336 3930 399 3996 cie.
418 3930 455 3996 de
476 3944 547 3997 orat.
566 3930 589 3999 l.
610 3954 658 3999 ur.
677 3953 705 3999 e.
725 3932 771 4002 15.
