3259 4959
533 361 685 418 narsus
703 357 863 453 narrent
1158 333 1228 416 dod

210 509 233 554 s
249 507 319 558 mar
306 481 433 557 letto.
444 488 493 558 Lo
512 482 627 578 lagga,
643 507 663 552 e
681 483 714 553 lo
728 482 873 576 rilegga,
886 503 906 551 e
924 481 957 551 lo
970 476 1054 575 studi
1064 535 1074 568 ‚
1086 477 1147 553 ohe
1166 495 1229 554 tro·

211 627 232 666 o
249 606 325 672 vesal
342 623 472 692 sempre
492 622 599 668 nuovo
616 598 741 666 motivo
764 597 796 665 d'
806 596 996 666 ammiratio
1015 599 1088 688 (1).

257 717 375 810 Neque
402 734 534 810 poetam
565 728 721 785 tantum·
711 714 816 806 ‚egit
839 737 968 806 quoqne
1003 713 1224 786 historicum.

215 834 331 906 Vitam
351 835 443 905 dedit
460 825 626 904 Franoisoi
646 831 807 923 Algarotti
829 847 864 902 et
881 831 1050 902 Laurentii
1069 833 1229 917 Pataroli‚

212 969 247 1020 et
265 953 351 1022 hano
377 953 551 1044 praemisit
572 946 670 1020 'iliius
699 949 872 1040 operibus.
906 954 1045 1041 Insuper
1074 952 1228 1021 Veneriis

211 1066 349 1153 protulit
367 1067 631 1136 additamentum
652 1063 694 1132 ad
713 1063 914 1132 numismata
934 1064 1040 1154 gentis
1067 1059 1229 1132 Barbadi·

210 1204 292 1269 eae,
309 1185 344 1255 in
361 1202 428 1275 quo
438 1183 550 1275 patrois
567 1181 840 1271 comprehensam
859 1181 995 1250 exhibet
1013 1181 1229 1271 quorumdam

209 1301 315 1370 vitam
330 1355 340 1386 ,
355 1302 413 1393 qni
432 1321 476 1371 er
493 1301 555 1370 hae
574 1300 691 1370 eadem
713 1311 810 1388 gente
831 1291 988 1390 profesti.

260 1422 325 1488 Per
343 1419 426 1489 haee
447 1417 586 1489 illustris
604 1435 639 1486 et
659 1433 832 1509 pervagata
855 1418 997 1486 nominis
1016 1413 1087 1514 eins
1115 1417 1229 1508 famn3

213 1537 361 1607 maxime
383 1560 458 1607 vero
477 1558 538 1630 per
555 1537 740 1621 orationes,
760 1535 937 1627 praecipue
956 1536 1095 1622 latinas,
1111 1537 1230 1628 quibus

214 1653 430 1726 litteratorum
453 1655 627 1725 hominum
647 1655 756 1725 studia
777 1653 883 1724 movit
902 1669 936 1721 et
955 1651 1229 1725 admirationem.

213 1765 431 1860 Splendidam
450 1765 649 1861 qnamdam,
663 1764 868 1858 minimeque
886 1767 1052 1858 vulgarem
1067 1767 1230 1838 rationem

213 1886 344 1956 dicendi
366 1885 475 1972 tenet,
494 1908 686 1956 numerosus
713 1883 749 1954 in
776 1885 906 1970 verbis,
934 1883 1067 1976 sapiens
1094 1901 1227 1955 senten.

214 2004 291 2089 tiis,
309 2025 427 2096 genere
445 2020 513 2073 toto
543 2005 672 2096 gravis,
699 2025 856 2074 romanoe
884 2022 993 2092 autern
1024 2001 1230 2094 antiquitatis

213 2117 359 2187 litterate
376 2120 503 2208 peritus
512 2171 524 2203 ‚
539 2117 581 2186 ad
595 2117 778 2207 pleniorem
797 2099 1084 2196 illnmCiceronis
1098 2118 1230 2209 copiam

214 2234 393 2304 accedens.
413 2236 461 2306 Ea
481 2259 558 2306 vero
576 2251 627 2302 est
644 2234 742 2303 latini
768 2231 931 2302 sermonis
958 2233 1165 2324 proprietas,
1194 2249 1232 2306 ut
1256 2293 1263 2311 ,

213 2347 250 2417 in
268 2371 308 2418 eo
326 2348 455 2420 nativus
473 2361 648 2440 appareat,
668 2374 733 2419 non
759 2349 928 2420 adscitus.
955 2348 1128 2443 Legendus
1154 2352 1210 2422 hio
1220 2404 1234 2438 ,
1280 2379 1288 2393 ·

215 2462 243 2530 si
270 2462 444 2553 quisquam
469 2463 573 2545 alius,
600 2463 806 2554 eloquentiae
834 2460 1009 2533 studiosis.
1037 2463 1114 2534 Non
1139 2461 1231 2534 enirn

129 2575 139 2595 ⁶
215 2573 325 2644 solnm
347 2595 488 2662 ornere,
505 2573 566 2644 sed
585 2575 689 2645 etium
706 2570 799 2658 olere
816 2574 987 2668 ingenium
1003 2584 1113 2668 potest
1132 2580 1209 2670 (a).
1282 2575 1285 2582 ’

262 2690 350 2758 Cum
369 2689 421 2760 his
444 2689 647 2759 orationibus
661 2689 715 2780 (ὅ)
730 2685 901 2782 conjunxit
912 2701 1024 2774 auctor
1042 2685 1232 2781 Epistolnn
1301 2735 1308 2744 ·

561 2889 891 2922 mmmmmmm

256 3035 306 3114 (r)
326 3035 494 3102 Francisrss
514 3031 646 3117 Fsursgo
665 3037 696 3096 in
717 3036 809 3118 elogio
836 3037 986 3102 vincentii
1014 3037 1125 3112 Rotae,
1147 3029 1230 3116 ouius

179 3175 183 3183 ·
211 3143 314 3206 titulus
331 3151 375 3205 est
389 3138 570 3225 huiusmodi:
589 3141 739 3206 Memoris
753 3148 866 3206 &torno
876 3149 940 3206 allo
953 3149 1013 3206 υἱέα
1025 3165 1085 3212 ιω.
1095 3145 1169 3208 dett'
1179 3140 1231 3210 ab.

217 3244 370 3310 erenro
388 3249 467 3308 nata
486 3268 551 3330 pag.
576 3265 623 3308 rr.

257 3354 307 3431 (a)
330 3351 395 3412 Cio.
415 3354 539 3413 declar.
561 3367 665 3414 orator.
686 3374 712 3414 o.
735 3357 784 3416 35.

261 3461 295 3538 (5
297 3459 312 3534 )
278 3459 382 3519 §De
399 3452 444 3517 lis
473 3459 627 3522 litterariae
646 3456 861 3544 ephemerides,
878 3459 926 3525 La
946 3457 1082 3524 Minerva
1103 3461 1234 3530 nuru.8.

217 3580 284 3650 pag.
309 3562 374 3630 152.
396 3582 474 3626 oum
493 3573 523 3641 4.
541 3585 609 3648 pag.
634 3587 679 3628 ra.

258 3674 370 3734 Auctor
388 3671 605 3735 annotationum
617 3671 653 3734 in
668 3693 741 3757 opus
766 3669 903 3750 dodresii
916 3717 925 3752 ‚
937 3697 983 3739 our
976 3669 1103 3738 titulus
1119 3674 1233 3740 dell'o·

217 3778 316 3853 rigine
335 3795 394 3836 eoo.
414 3775 447 3835 di
467 3779 536 3853 ogni
554 3775 732 3841 tetrartum
750 3779 841 3842 Tom.
862 3781 905 3840 ttt
919 3797 984 3864 prgr
1006 3782 1074 3858 248.
1093 3777 1164 3843 haee
1177 3781 1233 3845 'ahs

215 3883 281 3945 iret:
302 3906 320 3944 a
343 3882 382 3945 si
412 3883 607 3966 Lagomarsioi
630 3903 646 3948 e
675 3884 702 3948 ai
723 3883 843 3950 Zmotti
861 3889 950 3950 niuno
971 3887 1110 3971 adequari
1138 3904 1231 3953 certa·

216 4013 237 4056 s
258 4006 351 4056 mente
374 3991 405 4056 di
425 3993 595 4079 aggiuogerr
614 3991 626 4059 i
649 3991 725 4062 dalle
746 3999 857 4074 Larte,
876 3999 905 4062 lt
923 3998 970 4064 rui
988 3995 1135 4106 marioni,
1154 4003 1233 4083 piur-
