3259 4959
392 318 458 430 ida
852 337 937 406 t'ttt'l

382 492 503 555 corona
529 480 654 554 cinctus
682 479 831 576 ejusdem
849 458 1026 554 Seminarii
1055 479 1093 549 in
1120 481 1245 573 templo
1271 467 1394 552 aratio·

384 619 464 668 nean
486 593 603 665 habuit
628 593 783 664 solertem
806 608 842 664 ct
869 599 1001 686 gravem
1029 595 1065 664 in
1091 590 1204 666 funere
1228 592 1395 667 Franciaci

325 741 329 755 ¹
382 709 538 782 Doleonii
556 706 709 780 canonici
728 707 899 799 patavini,
916 706 1031 778 vicarii
1055 707 1215 801 generata
1234 705 1332 779 Card
1350 712 1396 782 il-

384 827 449 898 lius
466 827 613 898 Cornelii
622 879 633 912 ,
643 838 743 920 qn'cnt
764 824 1235 898 undantemundantem
1250 827 1395 918 primunt

381 945 516 1036 publice
533 946 700 1031 ostendit,
720 962 880 1038 qnantum
899 946 1031 1016 dicendi
1052 957 1121 1016 arte
1139 945 1282 1032 valesct,
1294 969 1394 1036 quam

382 1063 605 1136 corrobuatit
622 1083 798 1158 progressu
824 1065 984 1159 temporis
1012 1065 1144 1137 assidua
1160 1054 1396 1136 exercitatione

389 1199 430 1248 ac
452 1173 583 1248 studiat

434 1290 568 1362 Accidit
586 1284 760 1383 septennio
778 1276 1306 1384 pasc‚'ntlacolas1²acelolatus
1324 1292 1399 1362 lati-

253 1422 257 1428 ·
386 1427 451 1476 nae
478 1408 689 1499 eloquentiae
711 1409 911 1481 instaurator
935 1435 955 1480 a
981 1410 1165 1482 Seminario
1191 1405 1400 1497 discederet,

387 1522 530 1616 logicam
559 1524 761 1617 professurus
779 1527 815 1597 in
842 1527 1018 1619 patavinae
1036 1528 1128 1600 urbis
1155 1527 1398 1622 Archigymna-

733 1773 1067 1815 mutuaenutuae

388 1990 628 2059 verecundantem
644 1989 692 2055 nir
702 1981 842 2052 maximae
856 1988 1031 2050 auctoritatis
1041 2001 1094 2066 ,ut
1103 1985 1178 2050 idetn
1191 2003 1331 2071 testatur,
1351 1994 1405 2058 isn-

390 2101 465 2185 pnlit
483 2097 521 2163 ad
539 2096 701 2162 edendum.
718 2095 839 2185 Editum
857 2098 971 2158 llomae'
981 2093 1088 2178 prodiit
1105 2115 1180 2156 anno
1203 2097 1276 2178 1716
1287 2144 1296 2172 ,
1308 2097 1402 2160 eidem

392 2203 482 2265 Card.
502 2200 639 2263 Cornelio
657 2199 781 2261 auctoris
799 2197 966 2260 Maecenati
985 2195 1130 2259 dicatum.
1151 2199 1298 2280 Quantum
1328 2197 1404 2262 illud

389 2305 524 2368 litteratis
542 2304 613 2368 viris
632 2302 758 2364 anisent
772 2347 782 2377 ‚
796 2321 857 2362 non
874 2297 979 2362 temere
997 2301 1117 2383 quisque
1137 2301 1271 2386 conjiciet
1290 2323 1326 2364 ex
1344 2303 1403 2364 clo·

391 2411 462 2494 gio,
483 2404 560 2487 quod
577 2425 609 2465 ae
628 2406 709 2466 offert
726 2403 929 2466 accedentibus
949 2403 987 2466 ad
1004 2425 1126 2488 poema.

432 2517 507 2579 Sunt
526 2527 556 2574 et
576 2513 632 2573 alia
650 2513 766 2594 insuper
784 2511 846 2592 ejus
866 2510 989 2572 carmina
1008 2512 1083 2594 typis
1101 2497 1199 2573 ¹edita.
1220 2513 1289 2574 Non
1308 2515 1400 2574 minus

391 2633 537 2705 praeterea
552 2619 690 2684 caluitio
708 2632 769 2679 arte
789 2619 929 2689 oratoria,
942 2631 974 2678 ut
993 2615 1118 2679 ostendit
1136 2620 1227 2680 oratio
1247 2617 1285 2680 ad
1305 2621 1403 2681 arben-

394 2745 454 2784 acm
484 2723 671 2808 episcopum,
691 2739 755 2783 cuna
775 2722 896 2804 primum
920 2721 1113 2804 episcopatum
1131 2721 1240 2784 loiret.
1261 2723 1305 2782 Ea
1330 2723 1405 2784 enim

395 2826 452 2908 ipsi
469 2827 625 2901 tribuitur,
644 2821 712 2887 licet
731 2845 791 2886 non
810 2819 952 2907 praeterat
974 2823 1036 2905 ejus
1054 2843 1178 2884 numen.
1196 2823 1347 2885 Enimvero
1368 2821 1407 2886 ad

393 2919 548 3009 legendum
567 2928 659 2988 allicit
676 2927 840 3009 eloquentia
859 2925 950 2988 libere
968 2946 1002 2986 ac
1021 2938 1123 3009 sponte
1147 2926 1260 3002 linens,
1278 2928 1410 3010 integra,

394 3035 555 3109 unwan,
575 3035 707 3098 shcera.

390 3223 396 3236 Ι
437 3143 530 3227 Quae.¹
547 3142 627 3203 illius
653 3142 810 3217 untionis,
830 3139 930 3203 eadem
949 3153 979 3202 et
1005 3140 1082 3202 vitae
1101 3139 1179 3200 laus.
1196 3141 1267 3200 Euat
1292 3140 1348 3204 alle
1368 3147 1406 3208 si-

394 3250 510 3333 quidem
530 3249 664 3313 candidis
681 3249 767 3333 plane
786 3249 939 3326 moribus,
961 3261 990 3309 et
1008 3260 1102 3310 mente
1126 3247 1274 3328 ingenua.
1294 3249 1408 3314 Praedi-

395 3358 481 3420 sabat
499 3380 573 3442 quae
591 3372 740 3444 acceperat
757 3358 914 3437 beneficia,
933 3357 970 3418 ab
987 3358 1090 3438 ingrati
1109 3339 1196 3418 aniani
1214 3357 1287 3419 vitio
1305 3358 1409 3420 abhor-

395 3482 482 3524 rens.
502 3463 660 3525 Litteretns
678 3463 740 3546 ipse
765 3483 920 3542 numquam
947 3459 1056 3524 studuit
1075 3461 1192 3522 litterati
1212 3460 1335 3522 hominis
1365 3463 1409 3520 fa-

390 3584 469 3628 nasn
488 3587 645 3647 quaerere,
665 3587 699 3628 ac
717 3586 748 3627 se
766 3558 955 3650 spectabilem
977 3564 1115 3642 reddere,
1134 3567 1171 3626 ab
1188 3567 1263 3627 omni
1288 3579 1410 3627 osterna⁴

397 3667 476 3728 tione
499 3681 640 3731 remotus.
668 3669 827 3752 Splendida
847 3670 879 3730 in
897 3669 981 3731 domo
1009 3691 1042 3732 an
1067 3691 1156 3752 paene
1175 3669 1265 3750 regia,
1286 3671 1317 3729 in
1345 3671 1412 3753 pul-

396 3765 536 3833 cherrimo
560 3773 648 3833 totius
666 3771 767 3833 Italiac
785 3772 909 3842 theatro,
929 3771 986 3832 sibi
1005 3773 1077 3834 vixit
1091 3815 1100 3846 ‚
1116 3770 1262 3834 minimum
1282 3772 1337 3836 sibi
1356 3776 1410 3836 tri·

393 3877 485 3942 bueus
497 3925 506 3954 ,
518 3899 551 3939 ac
570 3878 701 3960 religioni
720 3899 836 3962 prorsus
857 3876 1006 3939 addictus.
1022 3879 1121 3959 Agnae
1132 3891 1215 3940 natus
1230 3901 1296 3938 ann.
1320 3875 1411 3956 1081,

395 3987 528 4058 venetiis
551 3985 717 4073 catapano
735 3982 898 4073 piaculari,
912 3983 1018 4054 XVlll
1038 3981 1145 4048 sacculi
1162 3980 1412 4066 quinquagesimo.
