3259 4959
1192 359 1238 448 Bt

220 505 329 585 stituit
344 526 388 579 ex
405 532 478 579 asse
497 504 671 578 heredem.
686 507 796 596 Quare
815 504 1039 576 Seminarium
1052 505 1164 599 ipsum
1181 513 1247 584 atl-

221 628 294 700 iens
312 629 552 715 hereditatem,
580 624 697 696 decem
716 643 946 718 argenteorum
977 631 1152 700 nummum
1168 631 1244 702 tuil-

221 748 312 820 libus
329 749 444 821 statim
462 747 700 845 locupletatum
720 763 790 833 est,
812 762 847 826 et
865 731 985 818 annuis
1002 749 1138 842 triginta
1156 751 1245 822 insu.

221 887 283 958 per
297 868 421 937 modiis
448 866 571 954 triani,
589 867 647 959 qui
673 863 874 959 colliguntur
897 891 940 938 ert
968 869 1137 960 praediis,
1156 895 1242 962 qnae

220 985 259 1055 in
286 985 527 1078 poemenionem
552 989 732 1061 Gmoom
761 1003 944 1074 venerant,
974 985 1061 1081 quod
1083 989 1243 1060 solvendo

219 1086 288 1176 non
306 1105 434 1178 fuerant
451 1106 665 1178 conductores
683 1109 758 1199 (r).
777 1108 843 1197 Qui
861 1107 1084 1180 Seminarium
1104 1109 1240 1180 donavit

220 1223 449 1317 amplissime,
464 1226 593 1316 quoties
610 1227 647 1296 in
665 1250 707 1296 eo
723 1227 932 1314 versabatur,
944 1251 986 1297 ne
1004 1226 1115 1298 eidem
1134 1246 1243 1316 esset,

221 1357 260 1410 nt
278 1341 336 1411 ille
355 1339 481 1435 ajebat,
500 1343 641 1426 damno,
660 1338 754 1410 cibos
771 1337 839 1410 sibi
858 1337 968 1412 afferri
990 1340 1034 1412 ab
1052 1343 1128 1414 nula
1147 1343 1244 1436 iube-

221 1458 283 1526 bat
300 1454 502 1549 episcopali.
523 1458 573 1526 Ae
591 1457 620 1524 si
641 1455 773 1548 quando
792 1455 951 1526 utendum
972 1455 1024 1526 illi
1044 1474 1114 1526 erat
1132 1457 1244 1530 Semi-

221 1569 309 1642 narii
328 1591 443 1642 mensa
452 1622 465 1657 ,
483 1593 546 1639 nee
563 1569 703 1640 lautiore
721 1570 798 1640 cibo
816 1571 864 1640 uti
884 1570 1030 1656 volebat,
1055 1592 1154 1662 quam
1176 1553 1243 1641 ulu-⁴

222 1689 314 1775 mni,
332 1713 394 1758 nee
412 1687 741 1784 elegantiore,quarn
761 1689 1026 1785 ii‚supelleetile
1045 1691 1099 1790 (a)
1112 1719 1119 1761 :
1132 1715 1244 1763 axem·

224 1804 319 1902 plum
337 1803 527 1877 imitatione
545 1805 800 1900 dignissimum!

266 1919 365 1988 Porro
394 1938 506 1992 autem
533 1923 744 1995 Gnaeortrus
770 1922 911 2013 gentiles
943 1945 1020 1994 suos
1052 1938 1245 2016 exspectare

220 2027 359 2130 jubebat
376 2065 397 2110 a
416 2041 490 2110 Deo
508 2037 614 2106 multo
636 2035 784 2128 potiora,
804 2059 1010 2128 quamquae
1027 2037 1101 2130 ipse
1119 2037 1246 2130 potnit·

221 2169 273 2222 set
290 2155 327 2225 in
345 2180 403 2234 eos
421 2151 588 2226 conferre.
606 2144 702 2243 Quod
719 2153 856 2242 quidem
874 2177 941 2224 non
960 2169 1030 2226 taur
1047 2157 1245 2226 incitamen·

222 2289 295 2343 tum
313 2272 356 2341 ad
374 2259 463 2340 bene
480 2269 680 2362 sperandum
696 2267 882 2340 existimari
902 2267 1001 2342 debet
1010 2325 1021 2360 ‚
1040 2295 1140 2364 quam
1157 2275 1245 2345 rati-

224 2389 372 2460 einium.
390 2392 443 2459 Ex
461 2413 527 2481 quo
546 2389 636 2460 enim
655 2387 698 2466 ad
715 2388 858 2480 Superos
875 2387 966 2462 idem
992 2389 1092 2478 abiit,
1119 2371 1246 2466 Barba.

207 2503 299 2578 xt‘iioa
318 2524 399 2595 gens
417 2519 451 2574 et
465 2503 586 2595 opibus
603 2501 799 2592 abundavit,
818 2515 853 2574 et
871 2503 1049 2576 honoribus
1068 2495 1245 2580 inclarui'n

564 2709 899 2742 mutum

256 2855 317 2940 ,(1)
333 2854 401 2916 Aet.
421 2851 525 2916 matii
545 2851 589 2916 Τ.
609 2851 655 2924 IV
676 2855 816 2920 Senmet.
837 2870 904 2936 pag.
920 2873 989 2936 υς.

264 2953 413 3045 (2)1¹>¹'<¹·
431 2975 500 3044 ras·
521 2956 593 3040 574·
