3259 4959
850 613 1019 686 VITA

635 837 836 950 PETRI
881 833 1216 954 FACCIOLI

424 1699 429 1708 ·
468 1599 618 1744 Petrus
645 1673 813 1744 Facciolus
832 1672 959 1744 Patauii
988 1688 1085 1744 natus
1117 1687 1169 1744 est
1204 1697 1289 1744 anno
1315 1675 1438 1746 saeculi

424 1787 600 1880 superioris
632 1802 774 1875 octavo,
808 1788 917 1859 Nonis
950 1787 1134 1878 Quintilis.
1169 1789 1221 1858 Ad
1244 1787 1437 1881 religionem

423 1903 535 1994 ipsum
555 1916 682 1970 mature
699 1899 851 1988 institui,
871 1918 905 1971 et
925 1901 1042 1993 primis
1071 1902 1172 1972 etiam
1193 1902 1310 1972 litteris
1334 1901 1436 1972 infor-

422 2017 507 2088 mari
527 2016 698 2086 voluerunt
716 2015 806 2086 illius
826 2033 978 2106 parentes
987 2069 998 2104 ,
1013 2031 1083 2086 tum
1098 2016 1318 2088 Seminarium
1339 2035 1435 2108 pata·

422 2140 537 2206 vinum
556 2135 755 2230 ingredi‚ut
781 2133 912 2206 facilius
938 2135 1034 2231 hujus
1054 2135 1248 2228 disciplinae
1271 2137 1436 2228 pracsidio

422 2257 460 2327 in
478 2255 625 2327 motibus
642 2255 826 2347 studiisque
842 2256 1012 2346 proliceret
1023 2257 1172 2326 .Annum
1186 2255 1215 2326 is
1236 2255 1352 2349 ageliat
1370 2275 1437 2328 ter.

420 2374 505 2444 tium
533 2374 720 2460 decimum,
745 2397 823 2443 cum
852 2372 887 2441 in
906 2372 1067 2443 Alumnos
1085 2372 1234 2467 ejusdem
1258 2373 1434 2447 seminarii

422 2511 592 2587 cooptatus
606 2494 781 2586 superioris
796 2495 1030 2585 grammaticae
1044 2517 1174 2563 cursum
1191 2493 1286 2579 iniit,
1306 2493 1436 2562 eodem-

421 2633 486 2700 que
501 2609 648 2681 conlecto
659 2634 834 2708 prospere,
849 2612 884 2679 in
897 2611 977 2680 artis
990 2611 1170 2682 rhetoricae
1182 2611 1325 2682 stadium
1340 2612 1436 2702 prod·

420 2729 490 2800 iit.
515 2732 612 2824 Quod
639 2731 776 2823 quidem
805 2731 984 2800 triennium
1012 2753 1209 2823 persequens
1241 2753 1315 2801 cum
1338 2731 1434 2800 laude

425 2845 585 2934 percurrit
603 2863 668 2913 non
687 2845 824 2938 exigua3
843 2861 913 2916 erut
931 2845 1021 2914 enim
1039 2844 1091 2915 illi
1105 2859 1294 2936 experrecta
1312 2842 1434 2935 ingenii

422 2963 554 3034 indoles
575 2991 612 3035 ac
632 2968 826 3059 perspicax,
847 2967 1028 3037 memoriae
1055 2965 1211 3054 firmitus,
1232 2965 1334 3036 multa
1362 2985 1436 3032 con.

423 3079 551 3149 tentio.
576 3083 661 3151 Mox
679 3079 762 3154 odiit
782 3083 1021 3176 philosophos,
1042 3101 1111 3154 tum
1139 3084 1342 3179 jurisperitos
1360 3107 1435 3151 con-

420 3197 540 3284 suluit,
569 3197 709 3290 denique
738 3201 923 3294 theologiae
943 3227 979 3272 se
1007 3227 1042 3273 sc
1066 3201 1178 3288 dedit,
1206 3203 1309 3273 aede
1335 3199 1432 3270 rebus

422 3312 464 3382 ad
488 3337 562 3384 eam
593 3313 818 3402 spectantibus
838 3315 973 3386 biennio
992 3333 1068 3408 post
1086 3317 1255 3410 publicam
1284 3316 1431 3406 disputa·

422 3424 546 3497 tionem
566 3428 723 3498 sustinuit
740 3427 831 3500 felici
851 3447 989 3500 eventu.
1016 3431 1196 3522 Nunquam
1216 3445 1328 3500 tamen
1346 3426 1432 3518 poli-

423 3543 544 3615 tiorum
564 3547 745 3619 litterarum
766 3549 875 3621 studia
903 3548 1104 3620 intermisit.
1125 3550 1218 3620 llaec
1239 3547 1338 3618 simul
1356 3561 1456 3619 cum·

421 3667 639 3738 severioribus
671 3669 858 3762 disciplinis
888 3668 1063 3742 excoluit.
1094 3671 1134 3739 In
1175 3666 1320 3758 utrisque
1358 3665 1435 3736 aliis

421 3783 591 3876 praeibat.
619 3788 821 3878 Theologica
850 3791 984 3862 demum
1011 3791 1122 3860 laurea
1148 3787 1288 3856 donatus
1312 3782 1374 3853 fuit
1397 3785 1436 3853 in

418 3924 512 3971 sacro
527 3902 681 3992 patavino
695 3903 863 3996 Collegio,
882 3921 917 3976 et
935 3905 970 3975 in
987 3903 1139 3978 ordinem
1154 3901 1286 3976 illorum
1301 3917 1437 3993 patrum

414 4014 619 4113 descriptus.
