3259 4959
700 561 943 670 ,casua
978 565 1076 641 mv.

455 805 490 878 T
486 802 645 878 retiensis
664 802 811 898 collegii
828 804 997 877 institutio
1015 815 1050 876 et
1067 803 1216 898 ejusdem
1226 802 1347 897 forne.

426 1075 578 1226 Liceat
604 1152 692 1224 mihi
717 1173 807 1221 nunc
834 1149 876 1222 de
903 1150 1054 1245 Collegio
1081 1151 1233 1223 treatensi
1257 1151 1402 1224 breviter

382 1269 514 1357 dicere3
532 1267 622 1360 quod
645 1264 781 1358 quidem
799 1263 924 1334 latiens
952 1281 987 1334 et
1007 1263 1143 1336 videbor
1162 1281 1271 1358 gratus
1291 1267 1325 1336 in
1345 1293 1401 1359 ps»

381 1388 501 1473 triam,
519 1410 584 1457 nee
595 1383 711 1456 errabo
729 1383 858 1477 longius
878 1407 898 1454 a
916 1405 951 1452 re
970 1385 1137 1476 proposita
1148 1437 1156 1455 .
1168 1379 1293 1478 Magna
1308 1387 1399 1458 enirn

382 1499 525 1571 affinitas
542 1498 730 1570 intercessit
747 1497 834 1568 inter
853 1511 1012 1568 trestensc
1032 1497 1217 1592 Collegium
1237 1516 1271 1570 et
1289 1500 1399 1572 Semi-

317 1676 319 1679 .
380 1618 510 1689 narium
529 1619 742 1710 patavinum,
759 1641 837 1688 curn
855 1617 920 1688 hue
937 1641 980 1688 ex
1007 1618 1067 1688 illo
1086 1619 1206 1694 multos
1226 1618 1400 1690 translatos

380 1729 482 1801 fuisse
509 1755 553 1802 ex
577 1730 814 1803 consuetudine
844 1743 995 1818 constet,
1023 1749 1058 1802 et
1075 1749 1249 1824 utrumque
1277 1731 1398 1803 iisdem

381 1847 487 1920 {orme
506 1848 636 1942 legibue
653 1864 818 1919 uteretur.

425 1971 488 2039 Est
510 1964 623 2060 itaque
651 1965 837 2060 Collegium
860 1965 950 2038 istud
978 1989 1080 2058 prope
1107 1959 1207 2038 colles
1225 1971 1398 2059 Euganeos

382 2104 523 2151 amoena
542 2081 579 2151 in
597 2078 739 2173 planitie
757 2079 800 2150 ad
818 2095 970 2151 occasum
987 2080 1101 2172 oppidi
1118 2081 1251 2153 atestini
1271 2080 1394 2150 situm.

378 2201 560 2270 Trestense
579 2198 723 2285 dicitur,
742 2223 782 2271 eo
809 2199 897 2293 quod
915 2181 1125 2295 conjunctum
1144 2199 1189 2270 eit
1207 2223 1283 2270 cum
1310 2215 1398 2268 tem-

377 2316 435 2407 plo
458 2318 493 2389 S.
513 2301 705 2388 Mariae'de
723 2319 867 2404 Tremo,
886 2313 1036 2412 ejusdem
1064 2315 1250 2411 prodigiosa
1275 2317 1398 2410 imagi-

376 2457 422 2504 ne
441 2450 575 2504 ornato.
595 2435 703 2505 Vetus
722 2433 771 2504 ibi
791 2447 861 2504 eret
880 2459 919 2505 ao
936 2435 1066 2505 celebre
1085 2434 1321 2505 monasterium
1343 2461 1400 2506 an-

375 2563 431 2619 tea
450 2550 617 2641 pertinens
636 2550 678 2619 ad
696 2553 982 2643 congregationem
1003 2551 1037 2620 S.
1057 2552 1315 2640 Hieronymide
1334 2557 1394 2624 Fe-

373 2663 512 2751 sulis,a
530 2663 704 2735 Clemente
722 2664 775 2733 lx
790 2662 846 2734 die
865 2665 887 2736 6
905 2661 1102 2733 Decembris
1123 2686 1208 2734 anno
1232 2665 1318 2739 1668
1337 2689 1393 2736 ex-

375 2778 551 2851 stinctam.
569 2777 676 2873 Hujus
694 2776 792 2849 aedes
804 2778 848 2849 B.
859 2778 1068 2850 Garooruus
1085 2777 1308 2854 Benaroreus
1327 2805 1396 2852 ma-

374 2916 442 2990 gna
461 2897 529 2968 sibi
548 2895 708 2990 pecuniae
726 2897 760 2966 vi
778 2896 984 2988 comparavit
1001 2916 1087 2968 enno
1108 2899 1215 2990 1670,
1234 2915 1269 2968 et
1281 2899 1316 2969 in
1327 2926 1397 2972 am·

373 3016 517 3111 pliorem
537 3031 572 3086 et
594 3015 830 3107 elegantiorem
849 3015 990 3085 formam
1014 3015 1057 3086 ad
1075 3015 1280 3085 alumnorum
1296 3042 1393 3093 usum

372 3134 539 3206 restituit.
558 3133 747 3224 Collegium
767 3135 829 3206 hoc
847 3133 1026 3228 praeclaris
1044 3133 1174 3225 legibue
1201 3148 1235 3204 et
1258 3133 1395 3208 institu.

371 3253 418 3324 tis
436 3253 599 3325 munivit.
613 3253 728 3325 Plures
746 3255 872 3342 exiis,
892 3279 973 3347 quos
993 3253 1207 3326 traducendos
1226 3269 1340 3344 postea
1356 3255 1392 3326 in

370 3371 597 3444 Seminarium
612 3387 789 3461 statuerat,
806 3371 946 3467 iubebat
966 3372 1023 3445 hic
1047 3373 1141 3467 quasi
1159 3372 1326 3465 quoddam
1352 3371 1393 3442 ti.

371 3486 536 3558 recinium
554 3511 693 3581 ponere.
709 3487 777 3559 Sed
795 3488 838 3559 ad
857 3486 1019 3558 nobilium
1043 3487 1310 3574 adolescentum,
1328 3510 1390 3578 pa-

373 3604 561 3677 tavinorum
579 3606 800 3699 praesertim,
824 3593 1067 3679 iustitutionem
1086 3608 1149 3678 hoc
1167 3605 1226 3679 ille
1253 3627 1410 3712 aperus(

370 3735 446 3791 rat.
470 3719 536 3792 llio
552 3720 691 3811 optimis
717 3719 866 3792 moribus
897 3737 932 3792 et
958 3719 1202 3792 amoenioribus
1229 3745 1268 3792 ao
1296 3741 1404 3792 seve*

366 3836 512 3909 rioribus
530 3836 717 3932 disciplinis
734 3861 791 3911 eoe
809 3836 1034 3910 informandos
1052 3837 1207 3926 curabat,
1226 3838 1320 3908 otiis
1339 3853 1390 3907 et-

366 3947 440 4038 lam
456 3951 583 4032 artibus
591 4007 604 4052 ,
623 3951 744 4060 qubus
775 3953 895 4031 instrui
915 3953 1023 4031 solent
1040 3953 1266 4032 adolescentes
1283 3943 1390 4024 nobili
