3259 4959
394 430 445 481 Π

392 578 410 613 n
432 542 512 615 Aen.
700 544 843 617 Infelix!
867 542 1025 614 nimirum
1049 544 1247 637 ubicumque
1265 546 1412 621 locorum

487 697 506 730 n
531 664 706 750 Vivimus,
727 665 850 734 assidui
866 665 952 734 nihil
966 682 1017 733 est
1035 664 1099 733 nisi
1120 689 1217 734 eausa
1232 666 1372 737 doloris.

392 816 410 851 n
436 781 496 853 clx.
522 783 612 871 Quid
632 800 742 851 contra
764 808 891 853 mussas
910 784 1106 875 portendens
1126 783 1233 853 tristia
1251 784 1370 855 vultu?

488 933 506 965 n
526 902 627 971 Nulla
650 903 750 971 totio
772 902 869 973 rebus
888 903 1026 987 solatia,
1046 903 1137 973 nulla
1155 902 1330 993 voluptas?

393 1050 415 1088 n.
438 1018 514 1094 Aclr.
535 1020 590 1089 Sre
619 1036 688 1089 est:
709 1020 776 1113 jam
806 1037 934 1112 repet03
953 1021 1039 1090 nihil
1065 1038 1115 1089 est
1138 1019 1204 1091 nisi
1224 1046 1322 1092 eausa
1349 1024 1410 1093 do·

579 1165 597 1198 u
621 1136 722 1204 loris.

396 1282 416 1321 n
442 1248 500 1323 cn.
525 1249 578 1321 Oh
600 1248 784 1317 morosum!
808 1248 864 1317 Oh
893 1246 1023 1339 lippum
1046 1246 1239 1319 hominem!
1273 1249 1321 1319 sie
1347 1248 1407 1318 ille

580 1396 598 1430 n
621 1364 779 1433 cavillans
996 1374 999 1379 '

489 1515 508 1551 o
530 1484 657 1555 Cuncta
677 1481 741 1551 sibi
760 1480 797 1549 in
826 1480 952 1550 luctum
979 1479 1099 1550 uertit.
1126 1478 1192 1551 Sed
1212 1502 1296 1548 nune
1325 1502 1406 1571 age,

582 1628 601 1661 u
625 1620 754 1665 mecum
875 1686 878 1690 ἵ

492 1748 510 1782 n
533 1715 668 1806 Singula
688 1736 854 1805 percurras
874 1713 1004 1783 animo:
1027 1711 1107 1802 quid
1126 1710 1250 1801 gratius
1267 1709 1336 1780 illis

490 1866 509 1901 n
532 1835 706 1925 Temporis
727 1833 860 1904 alternis
880 1832 1006 1901 uicibus
1016 1855 1116 1923 ,quas
1131 1830 1235 1923 exigit
1249 1830 1379 1899 annus?

400 1981 419 2023 u
444 1947 521 2021 Aclz.
539 1950 599 2019 Nil
619 1949 723 2039 magis
748 1964 798 2017 est
817 1970 972 2029 nocuum,
984 1945 1070 2013 nihil
1089 1961 1139 2013 est
1154 1944 1304 2011 infestius
1322 1942 1414 2027 illis,

493 2095 511 2127 n
536 2066 696 2153 Perpetuo
715 2064 903 2135 inconstans
921 2060 1041 2153 quibus
1055 2075 1106 2131 est
1123 2076 1157 2127 et
1171 2058 1288 2129 noxius
1304 2082 1378 2130 aer.

401 2214 420 2255 u
449 2181 507 2253 ct.
533 2188 648 2255 Erras:
670 2208 745 2253 nam
766 2183 864 2253 variis
883 2206 919 2251 se
938 2179 1190 2274 tempestatibus
1209 2192 1326 2269 aptant

493 2328 511 2365 n
535 2300 688 2393 Corporis
708 2301 862 2371 humores
882 2296 984 2370 varii.
1277 2369 1281 2375 ,

404 2450 423 2488 n
445 2418 522 2487 Aelr.
1073 2416 1128 2485 sie
1148 2410 1268 2503 frigida
1287 2434 1418 2501 semper

495 2562 514 2598 u
538 2535 688 2622 Pugnant
712 2556 787 2601 cum
807 2528 1036 2603 calidisrhine
1056 2531 1167 2597 omnia
1187 2530 1345 2615 ῥιύμιτι,
1360 2542 1425 2595 tus·

583 2681 602 2715 u
627 2674 699 2734 808,

494 2793 513 2831 n
536 2766 624 2833 Tum
646 2763 737 2834 mala
756 2761 926 2855 pleuritis,
946 2779 1015 2831 tum
1040 2761 1133 2831 mille
1153 2759 1421 2831 incommodavi-
1529 2820 1538 2827 .

585 2909 604 2943 u
629 2895 696 2947 tae.

404 3025 424 3063 s
453 2991 512 3063 ct.
536 2996 700 3085 Tempora
719 3014 868 3086 quaeque
887 2992 990 3063 fluunt
1007 2990 1092 3062 mihi
1117 3009 1228 3083 grata.

407 3138 426 3173 n
448 3106 527 3181 rich.
945 3190 947 3194 .
1092 3107 1138 3175 At
1157 3102 1324 3197 quaelibet
1343 3103 1422 3180 anni

495 3260 514 3293 u
537 3234 733 3320 Tempestas
752 3226 882 3319 ingrata
901 3224 1004 3295 mihi.

405 3378 425 3418 u
449 3344 508 3417 ct.
543 3404 547 3413 ,
652 3394 655 3401 ·
1065 3348 1173 3437 Quam
1195 3346 1289 3415 dulce
1307 3333 1421 3417 seiten
1463 3397 1468 3420 .

499 3492 520 3529 n
542 3462 630 3535 Ante
650 3462 777 3550 focum,
797 3486 872 3533 cum
901 3461 1003 3553 frigus
1023 3463 1135 3533 adest:
1155 3461 1212 3533 ubi
1232 3462 1370 3548 messis,
1390 3460 1425 3529 in

416 3654 422 3665 ὑ
587 3610 606 3645 n
630 3579 768 3649 umbra!

410 3726 429 3764 n
450 3696 529 3769 Act.
548 3697 680 3791 Frigore
700 3716 806 3794 torpet
827 3678 914 3773 iners
933 3724 1069 3793 eorpus.
1336 3736 1340 3745 ·

409 3840 429 3881 n
453 3810 512 3883 ct.
1097 3813 1164 3887 Sed
1182 3811 1322 3883 vincitur
1345 3809 1422 3899 igne

499 3960 518 3997 o
540 3929 683 4025 Frigoris
703 3934 881 4027 asperitas.

410 4076 430 4117 o
452 4044 531 4121 Act.
923 4055 1064 4147 Largum
1085 4049 1210 4121 sudoris
1229 4046 1265 4115 io
1283 4042 1426 4118 imbrem
