3259 4959
216 504 354 585 metra,
372 512 407 568 et
425 498 650 591 appellaverat
666 479 887 583 Oblator'um,
907 486 996 587 quod
1013 496 1072 588 qul
1088 494 1127 567 in'
1143 508 1240 568 canta

215 618 294 689 dem
315 614 597 697 adscriberentur,
610 612 645 680 in
664 610 819 681 omnibus
837 636 930 680 suern
951 631 1087 702 operam
1107 612 1241 702 episco.
1272 667 1278 679 „

218 754 261 823 po
289 745 407 820 sponte
434 724 609 796 offerrent.
639 726 757 797 Eidem
786 724 966 815 plurimum
996 723 1164 794 tribuebat
1189 727 1242 795 sir

219 846 355 931 beatus,-
374 868 412 917 ae
441 845 514 917 sine
541 842 685 915 oonsilio·
707 842 812 935 ipsius
839 842 989 934 (quippe
1005 862 1106 932 quern
1134 853 1239 933 expe-

219 962 459 1031 rientissimum
489 958 658 1049 noverat)
685 958 772 1026 nibil
801 972 945 1027 statuere
974 940 1124 1040 solebat,
1152 948 1245 1047 qaod

221 1074 264 1145 ed
282 1074 503 1147 Seminarium
527 1072 708 1164 pertineret
725 1072 803 1162 (a).·

587 1312 798 1382 CAPUT
834 1314 883 1381 11,

345 1548 430 1646 Ejus
449 1546 646 1643 vigilantia,
665 1560 701 1619 et
719 1546 923 1641 disciplinae
939 1544 1108 1620 sudam.

267 1706 424 1878 Neque
445 1784 657 1881 serohujus,
678 1802 714 1856 et
740 1786 885 1856 allorum'
911 1795 1039 1854 tanturn
1070 1779 1247 1870 vigilantii

222 1922 423 1993 contentus,
451 1906 587 1975 omnino
617 1907 850 1999 acquiescebat
884 1904 1016 1973 illorum
1037 1900 1133 1970 fidei.
1162 1903 1245 1969 Erat

222 2040 302 2090 sane
320 2021 380 2091 ille
396 2022 531 2112 ingenio
550 2021 691 2091 rninirne
725 2018 929 2111 suspicioso,
948 2039 1020 2086 non·
1036 2031 1154 2084 tamen·
1175 2008 1246 2084 levi

223 2158 262 2203 ao
289 2135 390 2204 nirnis
416 2134 576 2203 credulo.
616 2134 705 2208 Hirro
737 2132 967 2203 Seminarium·
991 2128 1062 2199 fere
1093 2127 1247 2219 qnotidie

224 2245 358 2331 adibat,
385 2246 542 2314 mnnibus
559 2246 755 2334 plerumque
783 2241 1062 2329 necopinantibus
1089 2258 1247 2327 superve-

224 2357 340 2426 niens.
363 2358 526 2428 Vetucrat
548 2356 638 2425 enirn
662 2355 733 2425 dari
762 2355 895 2447 signum
915 2354 1075 2425 adrentus
1088 2353 1160 2421 sui.
1176 2356 1249 2421 Vo-

165 2504 170 2521 ·
224 2474 335 2560 lebat,
351 2474 434 2564 quin
452 2472 784 2558 animadverteretur,
797 2484 905 2543 errare
913 2527 925 2558 ,
944 2488 980 2539 ut
999 2470 1066 2539 sibi
1080 2468 1247 2558 lubitum,

223 2586 290 2658 leae
307 2605 341 2657 et
373 2588 471 2672 illae,
500 2610 607 2677 neque
635 2612 654 2656 a
674 2586 870 2677 reputabat
898 2586 1044 2655 alienum
1065 2582 1246 2675 aliquando

225 2702 425 2773 descendere
444 2700 497 2771 vel
516 2701 561 2771 ad
578 2701 692 2771 infima
703 2751 712 2769 .
723 2700 890 2786 Volebat,
905 2700 1042 2790 inquarn
1053 2752 1064 2785 ,
1076 2698 1146 2767 suis
1160 2699 1247 2789 ipsis

225 2822 328 2893 oeulis
347 2820 459 2890 omnia
478 2842 611 2889 cernere
638 2838 672 2889 et
690 2823 882 2913 explorare,
907 2842 988 2889 narn
1011 2819 1129 2889 eadetn
1153 2840 1246 2888 corn»

226 2941 352 3033 posite,
372 2939 486 3009 ordine
510 2962 548 3009 ao
567 2938 630 3009 rite
650 2940 781 3010 fierent.
802 2940 923 3030 Neque
943 2938 1045 3024 baec,
1074 2952 1111 3007 ut
1139 2960 1158 3006 e
1184 2937 1247 3007 Se·

226 3054 368 3125 ruinario
387 3078 465 3125 mox
485 3052 686 3125 discessurus
692 3080 703 3143 3
719 3077 783 3125 non
803 3076 876 3123 raro
895 3052 930 3121 in
949 3076 990 3121 eo
1008 3050 1249 3143 pernoctabat,

228 3192 266 3238 ae
285 3169 474 3240 versabatur
492 3170 627 3259 insuper
646 3170 754 3259 plures
774 3167 866 3237 dies.
884 3166 974 3257 Quin
990 3165 1166 3237 videbatur
1179 3165 1246 3233 huo

229 3286 432 3357 transtulisse
451 3287 565 3358 sedern
585 3286 828 3379 episcopalem.
841 3288 939 3357 lllanr
953 3284 1112 3355 nimirum
1133 3283 1248 3375 digni-

231 3418 281 3471 tas
301 3400 366 3492 ipsi
387 3401 651 3487 dederat,istam
671 3428 763 3474 amor
777 3402 850 3473 .Sic
869 3403 928 3471 ille
947 3400 1094 3491 singulos
1112 3400 1247 3491 penitus

231 3516 347 3589 rimari
367 3532 496 3607 poterat
519 3532 553 3587 et
570 3517 754 3607 inspicere,
773 3541 811 3585 ac
829 3516 962 3609 plenius
982 3538 1079 3584 nosse
1098 3514 1250 3585 uniuscu-

229 3632 344 3727 jusque
364 3631 529 3720 indolem,
547 3632 677 3718 studia,
697 3622 825 3701 rnores.
858 3630 996 3723 Semper
1016 3628 1108 3700 enirn
1135 3629 1247 3703 omni·

572 3798 904 3828 mmmmm

272 3902 471 3985 (1)Argelati
502 3904 577 3965 Bibl.
607 3904 712 3987 Seript.
743 3903 869 3967 Mediol.
899 3902 987 3968 Girsu
1017 3900 1106 3984 mog.
1135 3899 1250 3965 Aeeta.

233 4032 296 4097 paq.
316 4012 365 4075 tio.
385 4009 732 4083 eratosthenem
752 4034 821 4103 paq.
846 4036 915 4102 req.
