3259 4959
564 361 686 420 tuconi
704 359 930 420 subnectunt
1149 341 1217 441 293

210 481 274 563 lim
298 507 464 582 tempore,
483 487 594 582 plures
613 489 710 560 lroras
728 542 737 560 .
757 492 815 560 Ut‘
832 489 949 563 eodem
969 485 1107 560 liberius
1131 487 1220 558 lrue-
1258 547 1260 550 .

205 621 295 690 tetur
316 621 414 696 atque
432 587 571 688 diutius,
587 606 701 674 minus
720 619 820 694 saepe
840 601 1039 674 domesticos
1064 603 1219 674 admitte.

204 719 283 808 bat,
300 723 422 794 nedum
440 739 612 794 extraneos
628 751 639 810 3
658 723 769 792 minus
787 722 931 792 libenter
949 745 1024 790 cum
1044 721 1119 792 aliis
1143 749 1219 792 ver-

204 834 359 924 sabatur3
377 849 557 927 numquam
589 835 726 921 laetior,
746 855 845 926 quem
866 860 941 904 curn
960 837 1068 910 solus:
1088 837 1137 907 ibi
1165 863 1220 910 er.

203 955 375 1048 spectabat
391 979 506 1025 vocern
526 954 686 1024 Domini.
714 953 777 1023 Cui
809 971 846 1022 ut
865 977 900 1024 se
920 955 1027 1045 magis
1046 969 1218 1048 accepturu

201 1069 377 1156 redderet,
405 1067 531 1138 studuit
564 1084 786 1158 quascumque
815 1086 918 1136 noxas
948 1069 1085 1166 eluere,
1116 1071 1152 1140 in
1181 1085 1225 1146 se‘

200 1190 311 1282 ipsum
331 1189 374 1258 ad
391 1187 585 1278 sanguinem
604 1199 708 1277 usque
726 1183 875 1262 saeviens
895 1188 910 1276 (
933 1187 971 1276 ).

243 1299 383 1372 Interim
402 1289 524 1384 febris,
538 1320 775 1388 nervorumque
794 1299 952 1366 distentio
967 1290 1096 1368 invadit
1109 1301 1216 1373 horni-

200 1444 278 1490 nem
297 1420 392 1488 annis
409 1436 442 1490 et
459 1415 627 1486 laboribus
642 1439 745 1506 paene
762 1416 897 1502 tritum,
913 1409 1132 1509 eumdemque
1148 1418 1217 1488 leu-

201 1556 234 1608 te
252 1562 449 1609 consumens
468 1535 587 1629 redigit
606 1536 647 1606 ad
666 1552 835 1606 extrema.
859 1537 958 1608 Sacra
982 1555 1137 1629 parantur
1154 1543 1216 1610 Eu
1307 1537 1311 1546 ’

197 1659 321 1729 clesiee
340 1681 431 1728 more
450 1656 638 1748 praesidia.
658 1657 763 1728 Adest
781 1655 908 1726 Christi
927 1680 1067 1747 corpus,
1088 1683 1151 1749 quo
1176 1681 1212 1728 se

198 1777 324 1848 reliciat
353 1778 396 1846 ad
423 1773 628 1846 aeternitatis
653 1774 741 1844 viam
771 1776 1010 1864 capessendam
1030 1826 1038 1850 .
1058 1779 1153 1846 Tune
1181 1775 1212 1848 is

196 1889 361 1982 profiteri,
377 1913 413 1962 se
435 1888 651 1985 apostolicam
669 1888 784 1960 sedern
803 1891 931 1976 colere,
955 1891 1052 1982 eique
1071 1892 1208 1962 firmiter

194 2000 393 2072 adhaerere:
412 2025 449 2072 se
468 2000 512 2071 ab
539 1999 694 2071 omnibus
725 2001 857 2068 veniam
878 2019 1007 2092 petere,
1026 2002 1054 2072 si
1083 2003 1135 2071 cui
1155 2027 1212 2072 no·

143 2202 146 2223 Ι
194 2122 318 2192 unisset
335 2112 389 2192 vel
406 2119 547 2214 injuria,
566 2119 620 2237 vel
639 2143 740 2208 pravo
758 2119 932 2207 exemplo.
953 2123 1043 2188 Inter
1069 2120 1151 2190 haec
1175 2147 1227 2200 u«,

196 2233 377 2308 berrimam
406 2236 476 2302 vim
502 2237 722 2323 laerymarum
754 2232 927 2324 proludit,
955 2234 1065 2304 animo
1095 2253 1206 2306 temen

194 2345 542 2418 constansuumdem
562 2343 776 2416 sacramentis
792 2344 956 2417 munitum
977 2369 1062 2418 mors
1075 2351 1210 2432 sustulit

194 2467 265 2539 VII
281 2465 354 2535 Cel.
373 2465 498 2558 Aprilis
517 2491 594 2536 ann.
617 2467 719 2560 1789,
739 2490 814 2536 cum
834 2466 986 2558 quintum
1005 2490 1100 2561 supra
1121 2484 1209 2538 ucto-

193 2587 356 2682 gesirnum
376 2610 498 2656 annum
518 2603 644 2680 ageret.
664 2584 799 2657 Habent
821 2585 856 2654 in
875 2586 936 2656 hoc
956 2585 1042 2656 docti
1063 2609 1215 2676 praesen,
1288 2625 1289 2628 ¹

196 2705 258 2783 tim
277 2701 429 2776 homines
447 2700 592 2790 clarum,
611 2702 698 2795 quod
717 2702 909 2792 imitentur,
927 2702 1132 2796 exemptum,

534 2909 866 2941 mmmm

232 3030 514 3138 (ilcommutsrio
534 3052 583 3113 eit.
606 3071 672 3136 pag.
694 3051 759 3114 152.
