3259 4959
647 629 809 702 VITA

216 853 442 970 Manet
471 859 767 970 ANTONll
802 859 1233 969 FORCELLINI

259 1607 366 1760 Vll
383 1685 457 1755 Cal.
474 1680 586 1776 Maias
606 1704 680 1752 aun.
708 1701 795 1775 ¹7¹²
814 1681 950 1752 Marcus
970 1681 1135 1754 Antonius
1151 1684 1233 1752 For-

208 1803 354 1872 ·oellinus
373 1801 482 1872 editus
499 1816 552 1870 est
569 1798 711 1890 Campi,
731 1799 906 1888 patavinae
925 1799 1085 1871 dioecesis
1114 1823 1233 1890 paroe-

215 1916 268 1987 cia
287 1917 323 1985 iu
342 1941 419 2008 agro
438 1914 615 1986 tarvisiano
634 1914 717 1982 sita.
736 1913 838 1982 Recte
858 1913 989 1984 vivendi
1015 1913 1192 2005 disciplina
1212 1939 1233 1984 a

214 2033 406 2124 parentibus
423 2032 594 2102 institutus
622 2047 797 2100 cenetense
826 2031 910 2099 adiit
933 2031 1175 2115 Seminarium,
1195 2048 1231 2101 ut

212 2145 316 2216 bonas
335 2164 423 2216 artes
452 2143 645 2238 adjungeret
670 2142 768 2210 bouis
798 2141 969 2210 moribus.
988 2148 1062 2231 Quo
1093 2143 1232 2235 quidem

212 2263 286 2332 loco
307 2262 415 2330 nullus
435 2260 520 2328 alius
539 2262 649 2328 eidem
669 2282 742 2328 esse
772 2277 899 2349 poterat
917 2261 1150 2351 opportunior.
1175 2263 1228 2330 lbi

214 2377 306 2445 euim
324 2376 540 2445 domesticam
560 2370 798 2463 praefecturam
819 2373 972 2465 gerebat,
993 2389 1026 2444 et
1044 2389 1147 2442 artem
1174 2373 1229 2442 iu-

214 2512 313 2580 super
331 2488 542 2580 profitebatur
559 2485 756 2556 rhetoricam
776 2489 1024 2558 amantissimus
1040 2487 1110 2582 ejus
1127 2486 1227 2564 frater

212 2607 367 2699 AEgidius
391 2608 466 2698 (r),
483 2607 520 2675 iu
542 2605 708 2676 litteraria
735 2605 905 2697 republica
924 2629 1043 2676 nomeu
1069 2606 1225 2678 celebre.

210 2727 338 2816 Magno
354 2726 407 2794 illi
425 2741 495 2794 erat
513 2725 728 2794 incitamento
746 2725 790 2795 ad
806 2725 1043 2815 proficiendum
1064 2739 1132 2794 tam
1152 2724 1227 2794 illu-

212 2855 280 2908 stre
298 2863 363 2908 nou
392 2839 560 2909 doctrinae
586 2842 725 2924 miuus,
750 2864 850 2930 quam
878 2840 1090 2932 integritatis¹
1110 2863 1226 2908 exem-

210 2959 328 3048 plum.
347 2957 531 3026 Plurimum
551 2983 627 3027 vero
646 2958 729 3052 juvit
747 2982 806 3044 ea,
827 2983 891 3051 qua
916 2960 1082 3051 pollebat,
1105 2956 1225 3050 agendi

207 3067 390 3154 industria,
406 3069 646 3162 intelligentiae
665 3071 815 3140 celeritas
822 3053 837 3157 ,⁹
853 3074 1032 3142 memoriae
1052 3089 1224 3163 praestan-

206 3185 275 3252 tia.
294 3184 507 3254 Politioribus
526 3184 646 3256 litteris
666 3185 812 3254 eruditus
832 3211 908 3254 auu.
934 3187 1017 3278 1731
1040 3187 1082 3256 ad
1110 3185 1221 3256 Semi-

205 3298 338 3367 narium
356 3296 548 3386 patavinum
566 3296 809 3384 retranstulit,
836 3324 901 3390 quo
927 3315 1096 3368 revocatus
1115 3295 1222 3370 fuerat

207 3413 383 3505 AEgidius,
402 3414 575 3504 septennio
592 3415 723 3486 circiter
741 3432 917 3506 postquam
934 3416 977 3486 ab
996 3439 1033 3484 eo
1058 3415 1220 3490 discesse-

208 3549 279 3605 rat.
300 3532 364 3601 Hic
382 3531 555 3600 biennium
581 3551 800 3602 commoratus
828 3535 870 3606 ad
888 3527 1049 3603 'seueriore
1072 3534 1221 3625 philoso-

202 3653 347 3746 phorum
363 3651 516 3741 dogmata
530 3649 695 3738 incubuit,
705 3669 739 3721 et
756 3652 800 3723 ad
815 3651 951 3726 subtilia
970 3651 1220 3734 matbematico-

542 3887 814 3921 ΜΜΜΜἪΜἈ
820 3889 872 3917 ΟΜ

240 4033 296 4115 (r)
320 4029 396 4100 Vide
418 4029 478 4112 ejus
499 4029 588 4092 ritem
605 4049 673 4113 pag.
696 4031 762 4114 17⁸.
