3259 4959
629 520 787 662 VINTA

303 814 643 928 caraunus
678 814 1097 928 conuocari

244 1569 429 1716 patavini
449 1643 626 1718 seminarii
646 1643 725 1715 viris
744 1645 929 1717 illustribus
947 1645 1214 1718 annumerandus

197 1784 249 1836 cst
267 1769 444 1859 Caietanos
463 1768 661 1858 Coguoiatus
681 1767 808 1836 Patavii
830 1767 937 1836 editus
958 1767 1027 1834 VII
1045 1766 1124 1833 Idus
1148 1767 1215 1834 Au·

198 1886 306 1978 gusti,
326 1911 411 1957 anno
429 1904 543 1957 octavo
563 1904 598 1956 et
611 1887 769 1977 vigesimo
789 1887 911 1956 saccuii
934 1881 1214 1955 XV111.'Novcm

194 2000 326 2070 circiter
354 2023 455 2070 annos
481 2017 574 2092 post,
595 2001 629 2070 V
659 2003 735 2068 Idus
765 2001 963 2069 Norcmbns
996 2001 1030 2067 in
1060 1998 1146 2067 hunc
1166 2000 1212 2067 lo-

195 2137 269 2182 curn
290 2115 455 2206 ingressus
474 2113 605 2206 jubetur
622 2111 740 2201 primis
761 2113 995 2200 grammaticae
1016 2109 1212 2179 rudimentis

195 2255 232 2300 sc
260 2232 398 2300 dedere.
428 2233 505 2300 Jarn
539 2247 608 2298 turn
636 2246 770 2298 naturae
795 2230 1028 2298 liberalitatem
1058 2245 1215 2320 expertus

195 2365 268 2418 est.
290 2348 453 2418 Utebatur
472 2348 560 2418 enirn
575 2348 707 2440 ingenio
720 2349 830 2418 vivido
846 2365 880 2416 et
893 2361 1102 2439 experrecto,
1116 2346 1214 2416 vaide

196 2479 349 2553 prompta
369 2463 528 2532 memoria
547 2480 582 2533 ct
604 2464 735 2552 ampla3
756 2487 868 2532 corum
897 2480 1028 2548 autent,
1048 2486 1132 2555 quse
1159 2461 1213 2531 di-

197 2575 339 2661 dicerat,
369 2577 458 2646 nulla
472 2575 580 2664 'illurn
608 2578 762 2668 capiebat
788 2579 930 2646 oblivio.
952 2581 1028 2648 Alte
1047 2577 1213 2668 siquidem

195 2692 413 2764 inhaerebant
440 2696 557 2766 eadent
587 2697 622 2764 in
643 2697 712 2791 ejus
732 2698 864 2783 animo,
884 2722 925 2767 ne
956 2697 1114 2786 ternporis
1134 2695 1212 2786 qui-

196 2805 273 2874 dem
295 2808 509 2878 diuturnitate
529 2811 688 2880 delenda.
709 2809 785 2878 Suis
811 2811 902 2880 idem
922 2827 1089 2902 practerea
1119 2809 1212 2877 litte-

197 2921 277 2988 ruiis
297 2922 428 2991 assidue
447 2922 612 3011 instabat3
631 2925 718 3015 quod
736 2948 813 2992 sane
837 2947 946 3009 rarum
964 2923 999 2992 in
1019 2945 1140 3014 puero,
1159 2945 1214 2990 cu·

197 3031 249 3124 jus
269 3035 397 3104 indoles
422 3037 555 3107 mobilis
573 3054 608 3107 ct
626 3039 834 3108 inconstans.
852 3041 914 3109 His
932 3039 1111 3108 accedebat
1124 3037 1213 3106 ritae

197 3151 366 3239 probitas,
385 3169 419 3222 et
445 3173 596 3226 accurata
626 3181 753 3227 morum
774 3158 970 3250 disciplina.
989 3162 1040 3228 Ex
1059 3181 1124 3248 quo
1152 3153 1212 3224 fie-

196 3259 271 3348 bat,
290 3283 326 3332 ut
345 3268 469 3358 aliquid
490 3295 553 3340 non
582 3272 737 3364 exiguum
766 3289 997 3363 exspectarent
1014 3271 1057 3340 ab
1076 3294 1115 3340 co
1138 3291 1212 3338 ura·

198 3373 311 3464 gistri.
334 3381 430 3468 Quod
450 3381 501 3451 itti
521 3408 586 3453 non
607 3403 731 3456 temere
749 3386 1009 3478 augurabantur,
1035 3385 1210 3474 impletum

195 3487 359 3574 uidimus.
839 3558 850 3577 ,

243 3602 439 3675 Potitiorum
457 3606 547 3678 euim
566 3608 749 3680 litterarum
768 3634 864 3683 cursu
882 3611 1024 3683 feliciter
1040 3610 1210 3694 absoluto,

197 3720 316 3789 studiis
336 3722 537 3812 gravioribus
553 3751 589 3797 se
607 3751 642 3797 se
662 3729 810 3816 addixit,
829 3731 1099 3824 pbilosophcmm
1126 3728 1208 3818 dog-

196 3855 288 3910 mata
307 3842 458 3933 excepit,
478 3869 554 3915 cum
573 3845 626 3916 his
654 3849 843 3920 amoeniora
860 3850 1050 3947 conjucxit,
1077 3846 1209 3918 matire-

197 3957 319 4032 usatica
347 3983 476 4055 quoque
502 3964 633 4058 attigit,
660 3967 703 4038 ad
723 3967 1005 4063 theologicarum
1032 3964 1207 4064 praecipue
