3259 4959
667 570 825 644 VITA

449 804 744 919 JOANNts
779 806 1044 965 onrvre

288 1560 335 1707 J
336 1660 457 1707 oannes
480 1634 578 1707 Oliva
604 1632 793 1729 politiorum
822 1633 1006 1703 litterarum
1024 1634 1113 1704 cultu
1132 1612 1261 1725 praeei-

247 1774 311 1841 pue
331 1750 436 1821 clarus
447 1804 457 1837 ,
469 1748 622 1841 Rhodigii
640 1766 734 1817 natus
754 1764 804 1817 est
821 1774 907 1818 anno
924 1749 1012 1845 1690
1026 1774 1138 1819 mense
1152 1749 1262 1821 Julio.

244 1868 485 1943 sextodecimo
506 1869 623 1939 aetatis
642 1891 720 1938 suae
738 1867 806 1962 jam
825 1871 1009 1961 completo,
1028 1871 1096 1940 XII
1110 1870 1183 1939 Cal
1194 1869 1263 1939 No·

244 1982 389 2053 vembris
409 1984 494 2055 inter
514 1984 661 2077 patavini
679 1983 858 2055 Seminarii
886 1984 1038 2053 alumnos
1065 1982 1261 2053 describitur

245 2100 443 2173 imbuendus
460 2101 576 2193 primis
591 2101 671 2169 artis
690 2100 871 2169 rhetoricae
885 2100 1098 2175 rudimentis.
1108 2105 1189 2173 Erat
1202 2100 1261 2170 ille

248 2219 394 2287 moribus
412 2218 544 2307 probis,
557 2218 699 2307 eleganti
715 2217 848 2308 ingenio
863 2234 896 2288 ct
908 2219 1089 2309 perspicaci
1098 2218 1266 2307 ,pollebat

244 2330 347 2399 etiam
377 2327 535 2399 facilitate
561 2329 762 2416 memoriae,
780 2346 814 2399 et
833 2331 957 2418 multa,
981 2354 1065 2424 quac
1090 2330 1261 2425 ingenium
1389 2319 1394 2329 ¹

248 2442 1017 2535 promovet‚industria.Amoenioribusstudiis
1037 2445 1200 2536 expolitur
1219 2445 1263 2517 ad

248 2560 444 2651 excipienda
463 2562 732 2653 philosophorum
758 2564 910 2656 dogmata
930 2562 1089 2650 accessit,
1110 2580 1180 2634 tum
1206 2590 1262 2637 sa·

246 2698 320 2745 crae
340 2675 526 2767 Scripturas
545 2701 679 2768 operam
700 2679 849 2764 navavit,
878 2702 957 2747 mor
980 2679 1023 2749 ad
1040 2680 1258 2750 Academiam

248 2790 441 2877 translatus,
456 2814 492 2861 se
511 2791 630 2861 litteris
651 2815 763 2861 nrrsus
778 2792 890 2879 dedit,
905 2793 1071 2884 inprimis
1087 2792 1199 2885 poesi,
1218 2791 1262 2882 ad

248 2928 347 3009 quam
367 2902 531 2975 ferebatur
554 2922 684 2977 natura.

293 3022 517 3113 Quadriennio
541 3025 653 3116 elapso
686 3048 704 3095 e
728 3024 912 3097 seminario
946 3023 1119 3096 discedens
1140 3023 1177 3093 in
1199 3047 1260 3115 pa-

251 3140 348 3211 triam
369 3141 482 3213 rediit.
505 3143 558 3215 Ibi
578 3144 734 3239 Philippo
754 3172 773 3217 a
801 3149 906 3217 Turre
924 3148 1080 3238 episcopo
1095 3144 1262 3231 adriensi,

249 3254 321 3323 viro
346 3257 587 3330 litteratissimo
614 3285 650 3331 se
677 3286 713 3331 se
739 3263 893 3349 addixit,
911 3263 1090 3353 ludumque
1111 3260 1261 3355 apenrit,

249 3364 285 3437 in
304 3392 402 3459 quern
421 3374 550 3463 excepit
578 3376 737 3467 quosdam
764 3365 900 3470 juvenes
919 3402 961 3448 er
979 3376 1147 3447 nobilibus
1169 3375 1262 3447 urbis

252 3483 343 3555 illius
361 3480 518 3572 familiis,
531 3488 616 3557 inter
634 3490 693 3559 hos
712 3492 860 3583 Philippi
880 3507 1033 3582 nepotes,
1054 3490 1174 3561 litteris
1192 3513 1264 3559 sru-

255 3598 412 3671 diendos.
432 3600 544 3690 thue
561 3601 651 3693 ipsos
666 3604 772 3695 magis
791 3604 981 3674 incenderet
999 3606 1041 3674 ad
1059 3604 1190 3689 studia,
1209 3627 1262 3674 eo-

252 3738 325 3785 rum
345 3712 543 3783 institutioni
563 3717 744 3787 orationem
764 3719 937 3810 praemisit
951 3721 1098 3793 maxime
1112 3720 1259 3794 vividam

251 3844 286 3897 et
306 3829 437 3919 plenam
457 3828 603 3901 sincerae
623 3848 657 3901 et
675 3831 883 3925 incorruptae
902 3834 1099 3925 elegantiae,
1118 3850 1155 3902 ut
1173 3832 1263 3904 affir-

253 3962 323 4021 mat
342 3946 392 4021 vir
410 3948 618 4025 doctissimus
635 3953 857 4051 Hieronymus
884 3977 994 4029 comes
1014 3953 1188 4027 canonicus
1218 3950 1263 4046 ds
