3259 4959
401 402 431 459 κ.

400 517 444 594 ad
463 515 684 599 instituendae
709 519 887 614 luventatis
907 520 1049 595 cilicium
1080 524 1116 598 ln
1149 527 1268 611 litteris
1299 547 1414 614 amnes

397 634 544 709 nioribua
563 638 706 733 sapienti
736 642 978 727 moderatorum
998 642 1135 720 oonsilio
1154 646 1319 720 traductus
1347 649 1413 723 fue,

396 752 460 840 rit,
479 771 512 839 et
531 758 566 841 in
594 776 842 855 praeceptorum
863 785 1033 846 numerum
1054 782 1244 857 cooptatus,
1271 769 1413 859 Sapien-

397 870 442 957 ti,
463 872 616 965 inquam,
637 878 799 966 eonsilio;
820 878 883 954 luit
902 881 992 964 c'nim
1012 908 1130 969 munus
1149 886 1253 969 illud,
1280 887 1410 967 audito·

395 1006 470 1069 res,
490 984 628 1060 illustria
648 992 887 1081 propemodum
907 995 1097 1085 palaestra,
1114 998 1149 1068 in
1169 1024 1234 1088 qua
1252 998 1323 1090 ejus
1342 1001 1410 1069 vir·
1499 998 1501 1002 ’

399 1116 450 1169 tus
470 1116 504 1170 et
523 1101 690 1193 ingenium
721 1104 919 1192 mirabiliter
940 1108 1043 1179 eluxit
1071 1134 1134 1182 non
1163 1112 1235 1203 plus
1264 1112 1412 1197 ¹doctrina

396 1236 431 1288 et
448 1219 651 1303 eruditione,
670 1246 769 1313 quarn
784 1223 871 1295 vitae
883 1224 1042 1316 grauitate
1054 1280 1065 1311 ,
1078 1244 1176 1317 atque
1195 1229 1277 1304 adeo
1305 1228 1411 1319 digni-

397 1346 464 1403 tate
481 1332 651 1438 discipulis
672 1335 712 1418 ad
730 1338 919 1428 exemplum
940 1341 1104 1429 proposita
1115 1394 1125 1425 ,
1136 1366 1213 1422 cura
1227 1360 1261 1418 et
1275 1341 1413 1433 vigilan-

396 1448 443 1522 tia
463 1450 545 1527 adeo
565 1453 630 1535 acri
661 1452 866 1545 otasaidua‚
885 1455 1117 1558 utaliquando
1136 1460 1238 1529 etiam
1266 1459 1410 1531 seuerior

395 1562 586 1649 videretur,
606 1592 665 1637 ueu
686 1567 825 1651 docendi
845 1568 1063 1659 quotidiano,
1083 1596 1121 1640 ao
1140 1573 1335 1663 praesertim
1354 1574 1408 1644 in·,

396 1686 615 1773 terpretandis
636 1685 801 1772 veteribus
821 1688 953 1777 dicendi
974 1672 1162 1782 magistris,
1197 1714 1239 1761 ex
1269 1715 1409 1784 quornm

395 1804 631 1887 consuetudine
650 1805 773 1891 aenaim
790 1808 902 1889 hausit
920 1808 1055 1897 spiritus
1075 1832 1227 1881 romanos
1237 1861 1247 1898 ,
1264 1826 1299 1879 et
1314 1810 1408 1886 illam

395 1918 573 2013 praecipue
593 1917 805 2006 facilitatem,
826 1946 912 2012 qua,
930 1922 1091 2013 quidquid
1111 1938 1222 1991 mente
1248 1947 1410 2016 concepe-

395 2048 464 2119 rat,
488 2050 639 2129 prompte
659 2051 693 2105 et
712 2035 868 2125 expedite
887 2035 1035 2122 versibus
1054 2035 1261 2138 explicabat,
1281 2061 1412 2129 prorsus

395 2166 432 2227 ut
452 2150 549 2237 rerba
569 2167 800 2243 sequerentur,
821 2166 855 2221 et
874 2165 990 2243 sponte
1010 2150 1168 2235 fluerent,

442 2264 505 2336 ilis
523 2248 815 2349 exercitationibus,
835 2288 938 2364 prope
966 2267 1032 2353 alta
1056 2283 1154 2356 atque
1182 2282 1296 2351 aucta,
1315 2265 1409 2337 hisce

394 2382 512 2458 uultis
531 2385 663 2465 exculta
696 2385 844 2469 tamdem
863 2384 989 2473 erigere
1006 2405 1043 2453 se
1064 2408 1099 2463 se
1119 2384 1251 2453 virtutis
1270 2399 1305 2458 et
1322 2381 1412 2475 inge-
1513 2410 1517 2417 ·

398 2501 444 2575 nii
475 2503 562 2575 socia
587 2506 656 2574 imo
687 2504 821 2591 alumna
852 2501 960 2590 poesia
989 2499 1230 2590 pulcherrima3
1262 2502 1415 2591 grandior

395 2618 430 2693 in
452 2620 521 2694 dies
541 2646 729 2715 assurgere,
750 2644 791 2700 ex
803 2617 972 2705 umbratili
986 2618 1177 2703 academiae
1196 2618 1299 2716 ludo(
1309 2643 1410 2712 quam

393 2738 541 2811 scholam
568 2742 715 2819 rumille
734 2738 1014 2835 profitebatur(1)
1035 2738 1049 2827 )
1069 2752 1238 2832 tamquam
1259 2762 1278 2808 e
1297 2738 1410 2809 taber-

397 2858 522 2929 naculis
542 2860 577 2931 in
596 2862 702 2936 aciem
727 2862 901 2954 lucemque
921 2858 1114 2951 procedere,
1134 2875 1245 2943 tenere
1273 2876 1413 2954 quotan-

399 2975 452 3047 nis
471 2975 667 3059 suavissimo
686 2997 868 3069 concentu,
887 2997 923 3064 ut
942 3005 1015 3053 mos
1033 2996 1085 3053 eat
1111 2977 1209 3067 buius
1227 2976 1290 3051 loci
1312 3028 1322 3058 2
1349 2974 1412 3041 ἆο-

398 3107 467 3161 otas
492 3118 586 3163 aures
610 3096 757 3171 eruditae
784 3095 950 3181 civitatis,
968 3118 1033 3185 qua
1053 3090 1237 3168 auditorum
1256 3086 1408 3176 fsequen-

394 3210 471 3309 tia!
500 3238 599 3313 quom
629 3215 758 3309 ingenti
787 3232 940 3317 etquam
960 3210 1105 3289 secunda
1130 3204 1409 3277 admurmuratio-

738 3406 1069 3447 mmmmm*

393 3504 520 3575 lauream
542 3513 731 3597 theologicam
746 3512 918 3593 promeruit,
934 3510 967 3574 in
989 3507 1195 3592 amplissimum
1212 3506 1337 3571 virorum
1357 3502 1408 3565 do·

389 3627 504 3680 ntorum
525 3636 637 3677 sacrum
658 3614 821 3695 Collegium
835 3626 990 3695 receptus.

437 3720 486 3796 (r)
508 3716 558 3778 Ad
578 3716 651 3777 bano
671 3714 800 3780 scholam
812 3760 821 3788 ,
832 3735 905 3794 quae
924 3712 1044 3778 aliarum
1062 3708 1258 3774 humaniorum
1275 3706 1408 3789 princeps

395 3830 457 3893 eat,
488 3818 628 3899 gradatim
659 3828 805 3900 promotor
832 3816 887 3877 fuit
912 3835 979 3876 ann.
1003 3816 1088 3897 1767.
1116 3808 1239 3875 Scbolae
1256 3807 1340 3890 bujua
1366 3822 1411 3870 eat

396 3918 619 3982 adolescentium
641 3918 787 3999 ingenium
809 3939 842 3978 ae
869 3915 1008 3998 judicium
1029 3933 1150 3985 acuere,
1170 3926 1254 3993 atque
1273 3912 1410 3993 perficere

386 4004 430 4093 lin
447 4022 485 4081 iia
495 4065 506 4097 ,
521 4040 593 4103 quae
613 4018 651 4083 ad
670 4017 858 4083 litteraturam
876 4019 1020 4104 pertinent
1032 4063 1040 4081 .
1052 4016 1125 4087 vid.
1146 4030 1245 4079 annot.
1259 4034 1326 4101 pag.
1345 4014 1412 4111 rufi,
