3259 4959
697 607 759 687 m.

270 836 357 915 Cum
374 836 531 913 historiae
550 840 674 911 sit-non
696 842 793 913 morlo
827 840 959 915 erudire
993 840 1174 937 propositis
1207 846 1251 919 ad

224 953 425 1037 imitandum
444 961 605 1031 clarorum
627 962 769 1031 virorum
789 962 955 1053 exemplis
979 963 1034 1054 (s)
1059 1015 1071 1048 ‚
1100 965 1159 1033 sed
1192 988 1250 1033 ro-

225 1076 352 1172 laptats
371 1082 473 1151 etiarn
497 1078 692 1172 perfundere
713 1102 795 1172 pura
814 1099 849 1151 et
872 1081 1020 1172 simplici
1050 1102 1161 1153 rernm
1190 1106 1252 1153 ex·

225 1200 391 1291 positione
411 1201 483 1291 (2),
506 1224 572 1269 non
597 1200 655 1271 ille
688 1201 866 1273 historicus
894 1201 1056 1292 ingenuus
1088 1200 1249 1273 dicendus

228 1320 354 1411 estqui
376 1320 522 1391 moribus
544 1318 702 1406 incertis,
720 1332 778 1389 aut
796 1322 870 1389 rudi
890 1319 1023 1411 ingenio
1043 1316 1117 1390 litlei
1138 1318 1249 1389 minue

225 1432 377 1525 integrae
407 1437 442 1504 in
474 1433 648 1503 scribendo
673 1434 897 1525 suspicionem
927 1432 1044 1519 affert,
1072 1435 1125 1505 sel
1162 1452 1252 1503 earet

228 1548 349 1617 illustri
367 1552 493 1636 nitore,
511 1550 570 1621 sed
589 1550 667 1635 ille,
687 1550 743 1641 qui
773 1548 938 1640 probitate
978 1548 1184 1640 plurimum,
1214 1570 1253 1615 ae

227 1664 361 1735 solertia
380 1690 418 1735 se
432 1690 468 1735 se
492 1666 730 1755 commendans
749 1688 800 1733 res
815 1715 827 1749 ‚
844 1677 881 1733 ut
900 1679 1017 1755 gestae
1046 1678 1148 1747 surrt,
1175 1662 1254 1731 lide·

226 1777 303 1847 liter
321 1780 489 1871 politeque
512 1779 765 1870 complectitur.
803 1781 897 1868 Quae
924 1777 1078 1868 singula,
1093 1792 1127 1845 et
1154 1798 1253 1866 quaa·

227 1897 304 1967 dam
324 1900 390 1971 alia
409 1900 560 1993 scriptori
578 1902 721 1994 ingenuo
752 1899 903 1969 maxime
936 1894 1123 1969 necessaria
1150 1895 1251 1965 simul

227 2014 400 2104 splendide
418 2015 592 2109 conjuncta
612 2015 717 2085 luisse
736 2014 772 2083 in
791 2014 979 2084 immortali
1014 2015 1084 2083 viro
1121 2013 1251 2085 Joanne

224 2135 374 2223 Baptista
394 2136 544 2205 Ferraria
573 2133 677 2203 fusius
706 2135 938 2215 ostenderem,
958 2134 1021 2201 nisi
1042 2130 1178 2223 hujusce
1199 2134 1246 2201 rei

112 2298 117 2311 ·
222 2266 277 2323 tot
295 2272 398 2341 prope
423 2264 524 2319 testes
544 2248 718 2342 adessent2
737 2260 816 2332 qrrot
836 2246 1000 2313 auditores
1021 2249 1089 2333 (5).

275 2368 338 2437 His
357 2361 459 2457 igitur
475 2366 652 2433 inarmatus
672 2364 798 2454 ingenii
818 2362 971 2447 dotibus,
990 2364 1161 2454 animique
1181 2362 1250 2431 rir-

573 2586 905 2625 ΜΜΜΜΜἪΜ

267 2738 318 2819 (r)
339 2730 470 2803 Historia
490 2730 541 2799 lux
570 2736 721 2814 ueritatis,
740 2738 876 2820 magistra
894 2739 990 2800 ritae.
1015 2739 1080 2803 Cic.
1101 2736 1141 2801 de
1167 2756 1245 2808 orat.

226 2844 280 2909 tit.
301 2869 330 2909 2.
350 2868 377 2907 c.
397 2868 426 2925 9.

267 2951 317 3028 (2)
337 2945 416 3011 Huie
436 2950 532 3031 generi
551 2948 669 3011 historia
682 2950 804 3013 finitima
825 2965 890 3027 est,
909 2952 940 3011 in
960 2974 1015 3034 qua
1033 2968 1166 3016 narratur
1192 2977 1242 3017 or·

222 3067 310 3117 nete.
335 3055 399 3115 Cic.
420 3068 520 3115 orator
538 3078 564 3115 c.
588 3076 636 3115 20.

266 3152 330 3220 Nee
343 3180 412 3221 vero
432 3180 493 3219 sum
505 3159 626 3233 inscius,
642 3179 704 3219 esse
726 3158 878 3219 utilitatem
898 3160 928 3220 in
943 3158 1077 3235 historia,
1087 3182 1145 3221 nou
1156 3160 1247 3233 ruodo

223 3262 412 3343 voluptatem.
434 3262 498 3321 Cic.
521 3260 558 3321 de
573 3260 630 3335 fin.
655 3262 706 3321 tib.
731 3262 758 3323 5.
1123 3332 1128 3343 ⁵

267 3370 316 3449 (5)
338 3370 415 3432 Satis
435 3370 495 3430 scio
516 3386 615 3431 norunt
629 3392 690 3432 esse
712 3370 846 3434 omnibus
869 3370 944 3433 illud
957 3374 1111 3454 ingenuum
1131 3392 1243 3436 morunt
1280 3392 1284 3399 ’

224 3490 258 3532 ee
276 3472 353 3533 ritae
371 3471 484 3548 lumen,
504 3474 581 3554 quael
599 3474 629 3534 in
645 3474 706 3555 ejus
727 3494 786 3537 non
807 3475 892 3537 modo
912 3476 998 3537 dictis
1019 3492 1047 3538 et
1064 3478 1170 3554 factis,
1187 3478 1242 3541 sed

222 3574 254 3639 in
274 3580 336 3661 ipso
347 3596 435 3661 prope
452 3576 533 3639 vultu
554 3580 713 3655 eminebat,
733 3583 812 3643 nulla
834 3584 1027 3643 assentatione
1046 3598 1097 3645 eut
1112 3585 1244 3646 malevo-

220 3679 309 3743 lentia
339 3684 576 3745 inolscoratnrn:
604 3706 728 3747 amorem
745 3686 877 3747 veritatis
904 3687 976 3750 adeo
994 3690 1178 3769 religiosum,
1208 3702 1241 3754 ut

221 3812 375 3873 numquam
397 3794 443 3853 rel
470 3793 535 3873 joco
566 3794 768 3868 ementiretor;
799 3816 888 3876 genos
909 3796 1033 3878 denique
1052 3796 1170 3863 dicendi
1196 3800 1242 3865 its

222 3912 330 3963 rectam
353 3922 386 3962 ac
412 3901 553 3985 simplex,
574 3916 606 3967 ut
620 3903 695 3967 ntttt
713 3905 913 3973 ostentationis
932 3920 983 3971 sot
999 3904 1169 3976 irritationis
1194 3910 1240 3971 st·

195 4006 200 4015 '
221 4009 293 4073 fferre
313 4006 476 4075 rideretur.
1208 3992 1211 3999 ¹
