3259 4959
402 346 466 421 172
862 338 947 387 vm

394 458 534 549 horter,
556 480 641 551 qnae
656 452 931 549 patoro(r).1d
957 466 1068 521 autem
1088 450 1131 521 ab
1149 451 1304 523 omnibns
1327 466 1426 523 con·-¹

395 576 489 667 requi
508 568 760 643 difficillimum.
780 566 865 639 Sunt
881 566 993 653 enim,
1012 564 1069 658 qui
1097 565 1226 635 nemini
1245 566 1299 635 rel
1328 592 1408 660 pro-

395 690 571 763 batissimo
592 704 745 781 pareant.
766 688 876 760 Nemo
896 702 1007 757 mmen
1026 687 1150 779 carpsit
1168 685 1409 773 Trirellatom,

394 826 493 875 nemo
513 803 583 899 ejus
603 802 777 895 praeconio
795 798 977 869 abstinuit.
995 800 1171 870 Trivellati
1190 823 1313 870 nomon
1338 816 1424 871 erat*

395 922 431 991 in
447 944 507 991 ore
533 920 703 1005 omnium,
728 915 949 987 Trirsllatnm
974 938 1091 987 omnes
1117 942 1249 1004 amore,
1276 918 1409 1005 studio,

396 1041 514 1133 plausu
533 1037 831 1131 prosequebantnr.

442 1154 539 1245 Quod
559 1152 693 1245 quidem
712 1150 795 1220 nulli
814 1150 937 1218 mirum
956 1148 1062 1221 rideri
1081 1149 1198 1223 debet.
1215 1152 1295 1224 Jure
1316 1150 1410 1223 enirn

395 1270 440 1343 ab
458 1270 613 1341 omnibns
642 1267 728 1339 bene
756 1267 937 1353 audiebat,
961 1269 1019 1360 qni
1048 1268 1090 1339 sle
1108 1269 1263 1341 omnibns
1281 1270 1410 1340 solebat

396 1390 522 1481 optime
540 1388 630 1481 loqui
645 1438 654 1457 .
667 1387 704 1459 Si
723 1385 802 1478 quid
819 1401 926 1472 esset,
939 1387 1028 1478 qnod
1045 1388 1179 1459 laudare
1197 1412 1262 1457 non
1280 1404 1412 1480 posset,

340 1514 344 1517 ’
397 1509 450 1579 rel
466 1507 573 1578 amica
591 1502 862 1596 interpretatione
881 1503 1080 1591 excusabat,
1098 1505 1151 1575 vel
1168 1504 1302 1575 silentio
1320 1527 1414 1598 prae·

397 1624 548 1695 teribat.
577 1622 795 1713 Voluptatem
824 1643 867 1691 ex
892 1618 1034 1689 oliorum
1057 1620 1153 1691 bonis
1165 1674 1176 1710 ,
1195 1622 1341 1693 dolorem
1368 1644 1412 1691 ex

400 1736 647 1810 calamitatibus
665 1738 888 1831 percipiebat.
909 1736 1039 1809 Amicis
1062 1757 1171 1811 antem
1200 1764 1242 1811 ex
1268 1739 1415 1811 necessi-

402 1874 470 1929 tate
490 1858 601 1949 aliqua
619 1854 844 1927 laborantibus
862 1875 992 1949 praesto
1008 1875 1097 1928 erat.
1112 1858 1235 1928 Iisdem
1250 1858 1336 1929 ultro
1357 1857 1417 1928 ali·

398 1976 531 2068 quando
548 1998 620 2045 sese
639 1974 758 2045 obtulit
776 1976 829 2045 vel
846 2000 912 2046 non
931 1975 1139 2069 petentibus.
1152 1978 1222 2047 llos
1236 1977 1317 2063 ille,
1332 1976 1413 2047 <lum

398 2089 503 2176 vixit,
527 2088 767 2161 studiosissime
783 2114 916 2183 semper
933 2091 1036 2162 coluit
1053 2092 1105 2160 sel
1134 2089 1308 2161 absentes.
1333 2094 1418 2162 Ma-

399 2232 463 2302 gna
483 2224 553 2312 erat
576 2207 723 2304 ejusdem
744 2210 883 2282 comitas
901 2227 935 2281 et
959 2210 1170 2298 hnmanitas3
1192 2207 1334 2281 comitas
1360 2225 1413 2279 ta·

401 2350 480 2397 men
498 2348 564 2398 non
582 2322 655 2397 sine
672 2326 868 2417 severitate,
886 2353 991 2420 neque
1009 2327 1161 2422 gravitas
1173 2326 1245 2396 sine
1254 2324 1413 2417 facilita-

402 2455 457 2529 te,
477 2456 516 2513 nt
534 2441 679 2534 difficile
696 2454 784 2514 esset
802 2442 1120 2530 intellectarum
1137 2468 1214 2514 enm
1230 2441 1334 2513 orrici
1348 2464 1419 2512 mu-

401 2553 456 2645 gis
475 2566 681 2641 vererentur,
700 2580 743 2623 on
762 2568 918 2627 ornarent
936 2559 1010 2648 (a).
1025 2560 1099 2630 Neo
1114 2558 1266 2651 exiguam
1283 2555 1417 2626 landem

404 2684 548 2737 oreretur
568 2666 672 2757 ipsius
691 2666 842 2739 hilaritas
865 2672 901 2739 in
919 2670 1072 2743 obeundo
1089 2671 1240 2764 magistri
1261 2690 1416 2740 munere.

401 2781 491 2857 Nam
509 2808 572 2876 qno
591 2782 729 2877 quisque
747 2795 799 2855 est
815 2788 974 2859 solertior
990 2802 1026 2861 et
1041 2787 1264 2881 ingeniosior,
1276 2785 1340 2858 lroc
1357 2784 1415 2858 do·

400 2907 455 2964 cet
478 2894 670 2966 iracundias
690 2909 726 2967 et
743 2894 944 2970 laboriosius
962 2902 1039 2993 (3).

447 3010 500 3081 De
519 3012 643 3102 pietate
661 3028 773 3083 antem
791 3014 882 3084 illins
897 3040 936 3085 ao
954 3018 1112 3108 religione
1125 3016 1206 3108 qnid
1225 3014 1318 3107 plnia
1331 3040 1419 3088 eom·

399 3131 608 3199 memorem?
625 3130 696 3199 Etsi
721 3146 769 3199 tot
796 3154 899 3202 annos
927 3133 1018 3202 ‹lorni
1048 3133 1180 3204 assideo
1209 3156 1283 3204 sese
1309 3136 1418 3206 conti-

402 3246 495 3334 soit,
514 3246 742 3339 egrediebatur
760 3264 873 3319 tamen
891 3253 1060 3345 quotidie,
1088 3274 1209 3346 magno
1227 3274 1327 3346 saepe
1349 3274 1419 3321 non

404 3359 477 3431 sins
496 3360 705 3432 incommodo
716 3415 727 3448 ,
738 3379 773 3433 nt
789 3366 985 3453 mysterium
1003 3366 1204 3437 celebraret.
1223 3366 1277 3437 Aa
1293 3364 1421 3455 religio.

405 3498 484 3551 nem
506 3477 816 3571 reinehusensis,
842 3483 990 3575 labores,
1009 3487 1150 3598 scripta.
1170 3486 1234 3559 llis
1256 3486 1350 3559 illam
1366 3482 1424 3563 ‹ls-

744 3661 1079 3690 ΜΜἊΛΜΜΜ

449 3788 684 3867 (1)Seneesde
707 3792 850 3857 Clement.
870 3795 892 3858 l.
915 3816 943 3858 a.
957 3815 1021 3880 erp.
1045 3797 1094 3860 rb.

444 3897 495 3975 (a)
517 3894 616 3981 Nepos
635 3900 666 3960 in
684 3901 744 3963 rita
764 3900 857 3963 bttiei
876 3922 941 3985 esp.
966 3901 1011 3964 15.

443 3998 494 4083 (ὅ)
515 4002 579 4071 cte.
600 4024 654 4091 pto
673 4005 714 4091 Q.
732 4007 840 4072 lisseio
861 4006 1007 4074 comoedo
1023 4028 1051 4073 o.
1073 4024 1122 4075 rr.¹
