3259 4959
592 386 742 441 soanms
760 387 888 439 omar
1183 367 1252 461 ²59

239 506 342 580 Liber
358 506 467 581 editus
482 524 533 582 est
550 510 702 583 venetiis
712 510 767 601 (ι)
781 510 867 601 ,Qui
877 506 920 580 de
937 506 1091 581 litteratis
1108 507 1153 581 iis
1171 511 1251 581 viris

235 622 371 733 scribit,
390 648 529 716 quorum
549 624 748 715 praestantia
767 625 860 694 floret
875 624 1056 712 Italia(a),
1080 624 1122 694 de
1150 625 1251 695 Oliva

236 739 410 829 splendide
432 760 466 813 et
485 743 527 814 de
546 742 820 835 Acelanis‚quod
839 766 915 813 cum
933 743 1094 835 elegerint
1111 742 1155 813 ad
1172 767 1251 813 suae

235 854 415 949 juventutis
432 861 694 935 institutionem.

282 978 369 1046 Tam
389 1002 543 1069 prospero
562 979 609 1049 rei
628 1002 779 1049 successu
798 980 902 1049 crevit
920 976 1011 1049 illius
1030 977 1182 1047 alacritas
1209 976 1252 1049 ad

236 1100 337 1159 novos
357 1089 486 1161 labores
519 1108 631 1181 postea
661 1091 869 1161 subeundos.
889 1095 1037 1182 Tempus
1063 1114 1129 1159 non
1153 1089 1252 1180 longe

237 1199 371 1289 aberat,
391 1226 456 1293 quo
475 1203 619 1274 debebat
638 1205 757 1274 studiis
777 1229 820 1275 ex
837 1205 989 1274 instituto
1007 1204 1073 1275 loci
1098 1202 1252 1295 prolude·

226 1338 296 1385 re.
317 1318 405 1387 Hinc
424 1334 545 1409 quanta
565 1318 712 1387 maxima
731 1318 906 1408 diligentia
925 1318 1056 1408 potuit,
1081 1341 1252 1409 aggressus

241 1446 293 1499 est
311 1431 450 1501 latinam
470 1432 652 1503 orationem
672 1430 815 1501 scribere
834 1430 961 1501 ibidem
980 1430 1168 1501 habendam
1189 1454 1251 1520 pu-

234 1543 323 1615 blice
336 1594 346 1616 .
359 1546 576 1616 Praevidebat
595 1545 686 1615 enirn
707 1560 835 1636 praeter
854 1545 1016 1614 Acelanos
1034 1566 1077 1613 ex
1095 1543 1248 1613 finitimis

175 1738 182 1747 ,
240 1663 343 1733 etiam
363 1664 494 1755 oppidis
512 1689 549 1733 ac
578 1665 658 1734 locis
683 1664 842 1756 plurimos
869 1663 1056 1732 curiositate
1085 1680 1251 1753 permotos

237 1778 304 1849 sibi
324 1778 448 1849 dicenti
468 1778 645 1850 affuturos.
666 1780 822 1850 Nondum
842 1778 1008 1871 siqnidem
1026 1775 1100 1868 ipse
1125 1777 1254 1869 prodie-

235 1909 303 1963 rat.
323 1895 411 1963 Tum
431 1894 575 1985 primum
595 1892 737 1965 facturus
757 1911 828 1965 erat
845 1894 897 1963 sui
917 1892 1118 1984 periculum.
1143 1894 1191 1962 Ut
1219 1918 1255 1963 o·

238 2007 368 2078 ntnium
387 2010 667 2101 exspectationem
686 2008 861 2097 impleret,
880 2031 945 2075 non
960 2006 1108 2096 pepercit
1121 2023 1254 2076 conten-

238 2128 341 2199 tioni.
362 2130 479 2201 Exitus
498 2130 583 2197 votis
614 2152 693 2217 par.
720 2128 914 2215 Elegantem
933 2126 1115 2195 orationem
1136 2125 1253 2194 habuit

237 2259 272 2309 et
295 2242 391 2309 valde
421 2242 585 2308 eruditam
613 2237 664 2305 Ad
693 2236 788 2305 Cives
807 2234 980 2327 acetanos,
1003 2236 1048 2307 de
1078 2262 1254 2309 numerum

236 2368 383 2427 veterum
405 2354 598 2449 cognitione
620 2380 696 2425 crem
713 2352 857 2425 historio
875 2354 1126 2449 conjungendo,
1141 2356 1255 2447 eique,

235 2474 390 2545 Venetiis
408 2476 522 2544 editae
546 2476 620 2567 (3),
640 2472 813 2564 praemisit
831 2474 1006 2565 epistolam
1025 2470 1073 2543 cd
1092 2472 1254 2544 Triumvi-

234 2615 291 2661 ros
309 2592 360 2677 (εἰ
376 2592 537 2662 acetanae
555 2588 879 2680 constituendoe‚oc
891 2606 965 2681 tres,
980 2593 1163 2691 Gyrnnosio
1180 2618 1255 2663 oce-

237 2706 316 2775 lano
332 2706 544 2797 praefectos,
559 2709 593 2775 in
610 2708 884 2800 significationem
899 2709 951 2778 sui
966 2707 1003 2778 in
1014 2689 1253 2801 illos'obsequii

236 2836 272 2889 et
291 2821 375 2912 grati
395 2821 498 2890 animi
516 2822 589 2913 (4).

284 2939 381 3005 Anno
400 2953 488 3026 post,
509 2936 600 3005 aliud
618 2952 849 3027 argumentum
867 2935 931 3007 sibi
950 2938 1119 3029 proposuit
1131 2962 1174 3009 ex
1193 2964 1253 3009 an·

238 3052 331 3145 tique
350 3053 533 3124 eruditione
552 3056 803 3149 depromptum,
824 3057 864 3126 de
883 3082 947 3148 quo
967 3046 1071 3127 multa
1089 3080 1165 3129 cum
1182 3056 1254 3128 lau-

582 3286 662 3313 Μ
667 3286 915 3313 mmmm

280 3444 330 3523 (ι)
352 3444 448 3527 Typis
467 3448 551 3509 doen.
572 3448 689 3509 Manfrd
711 3470 779 3509 ann.
803 3451 879 3530 1718
897 3449 929 3507 in
947 3467 993 3511 12.

282 3554 331 3631 (2)
356 3550 492 3614 Giornalc
512 3552 559 3615 dei
579 3554 703 3615 letterati
724 3552 845 3615 d’ltalia
865 3556 955 3618 Tum.
975 3556 1103 3621 XXVII
1120 3570 1176 3621 art.
1204 3580 1254 3629 ta,

236 3666 392 3742 rasm-
1122 3700 1132 3714 ·

282 3768 332 3846 (5)
354 3767 450 3849 Typis
468 3766 569 3831 Jacobi
588 3767 761 3831 'I'ltomasiui
780 3792 848 3833 eun.
872 3793 946 3855 ¹7¹7
966 3772 998 3834 in
1017 3776 1046 3836 8.

231 3923 236 3939 ,
279 3868 829 3947 (4)Gioraalede'lettemtid'1talis
855 3878 943 3940 Tom
969 3878 1112 3947 XXVssi
1138 3890 1193 3941 art.
1221 3894 1253 3948 z

238 3990 303 4056 pag,
321 3974 391 4055 4⁶⁶·
1046 4064 1050 4069 .
1278 3984 1296 4021 a
1315 3982 1446 4025 ων·
1460 3954 1509 4037 ,”.,
1533 3986 1601 4045 ,μ
