<?xml version="1.0" encoding="UTF-8"?>
<!DOCTYPE html PUBLIC "-//W3C//DTD XHTML 1.0 Transitional//EN"
    "http://www.w3.org/TR/xhtml1/DTD/xhtml1-transitional.dtd">
<html xmlns="http://www.w3.org/1999/xhtml" xml:lang="en" lang="en">
 <head>
  <title>
</title>
<meta http-equiv="Content-Type" content="text/html;charset=utf-8" />
  <meta name='ocr-system' content='tesseract 3.04.00' />
  <meta name='ocr-capabilities' content='ocr_page ocr_carea ocr_par ocr_line ocrx_word'/>
</head>
<body>
  <div class='ocr_page' id='page_1' title='image "./vitaevirorumill00ferrgoog_0384.png"; bbox 0 0 3259 4959; ppageno 0'>
   <div class='ocr_carea' id='block_1_1' title="bbox 425 333 968 414">
    <p class='ocr_par' dir='ltr' id='par_1_1' title="bbox 425 333 968 414">
     <span class='ocr_line' id='line_1_1' title="bbox 425 333 968 414; baseline -0.02 0"><span class='ocrx_word' id='word_1_1' title='bbox 425 342 494 414; x_wconf 78' lang='lat'>336</span> <span class='ocrx_word' id='word_1_2' title='bbox 883 333 968 404; x_wconf 66' lang='lat' dir='ltr'>vrrs</span> 
     </span>
    </p>
   </div>
   <div class='ocr_carea' id='block_1_2' title="bbox 418 465 1455 3468">
    <p class='ocr_par' dir='ltr' id='par_1_2' title="bbox 421 465 1455 1258">
     <span class='ocr_line' id='line_1_2' title="bbox 425 465 1455 568; baseline -0.002 -24"><span class='ocrx_word' id='word_1_3' title='bbox 425 473 540 567; x_wconf 77' lang='lat' dir='ltr'>gentlis</span> <span class='ocrx_word' id='word_1_4' title='bbox 566 472 609 543; x_wconf 89' lang='lat' dir='ltr'>iis</span> <span class='ocrx_word' id='word_1_5' title='bbox 636 468 821 568; x_wconf 68' lang='lat' dir='ltr'>intensione</span> <span class='ocrx_word' id='word_1_6' title='bbox 848 469 1084 562; x_wconf 23' lang='lat' dir='ltr'>oeulosflpaene</span> <span class='ocrx_word' id='word_1_7' title='bbox 1103 465 1270 556; x_wconf 84' lang='lat' dir='ltr'>emiserit,</span> <span class='ocrx_word' id='word_1_8' title='bbox 1291 473 1455 563; x_wconf 65' lang='lat' dir='ltr'>quemad.</span> 
     </span>
     <span class='ocr_line' id='line_1_3' title="bbox 425 582 1455 678; baseline -0.001 -20"><span class='ocrx_word' id='word_1_9' title='bbox 425 591 560 658; x_wconf 86' lang='lat' dir='ltr'>modum</span> <span class='ocrx_word' id='word_1_10' title='bbox 580 588 660 656; x_wconf 91' lang='lat' dir='ltr'>olim</span> <span class='ocrx_word' id='word_1_11' title='bbox 676 587 777 674; x_wconf 80' lang='lat' dir='ltr'><strong>Alpes</strong></span> <span class='ocrx_word' id='word_1_12' title='bbox 791 601 1009 678; x_wconf 81' lang='lat' dir='ltr'>transgressus</span> <span class='ocrx_word' id='word_1_13' title='bbox 1029 582 1175 653; x_wconf 81' lang='lat' dir='ltr'>Annibal</span> <span class='ocrx_word' id='word_1_14' title='bbox 1187 635 1195 652; x_wconf 91' lang='lat'><strong>.</strong></span> <span class='ocrx_word' id='word_1_15' title='bbox 1206 585 1294 674; x_wconf 84' lang='lat' dir='ltr'>Quin</span> <span class='ocrx_word' id='word_1_16' title='bbox 1314 612 1350 656; x_wconf 92' lang='lat' dir='ltr'>se</span> <span class='ocrx_word' id='word_1_17' title='bbox 1364 589 1455 658; x_wconf 86' lang='lat' dir='ltr'>bea-</span> 
     </span>
     <span class='ocr_line' id='line_1_4' title="bbox 423 701 1448 792; baseline -0.002 -15"><span class='ocrx_word' id='word_1_18' title='bbox 423 724 515 792; x_wconf 87' lang='lat' dir='ltr'>tum,</span> <span class='ocrx_word' id='word_1_19' title='bbox 535 723 572 776; x_wconf 90' lang='lat' dir='ltr'>ut</span> <span class='ocrx_word' id='word_1_20' title='bbox 596 706 643 773; x_wconf 91' lang='lat' dir='ltr'>ita</span> <span class='ocrx_word' id='word_1_21' title='bbox 663 704 792 784; x_wconf 87' lang='lat' dir='ltr'>dicam,</span> <span class='ocrx_word' id='word_1_22' title='bbox 813 704 969 792; x_wconf 79' lang='lat' dir='ltr'>putabat,</span> <span class='ocrx_word' id='word_1_23' title='bbox 994 701 1121 792; x_wconf 85' lang='lat' dir='ltr'>siquid</span> <span class='ocrx_word' id='word_1_24' title='bbox 1143 703 1303 790; x_wconf 86' lang='lat' dir='ltr'>potuisset</span> <span class='ocrx_word' id='word_1_25' title='bbox 1329 729 1448 776; x_wconf 84' lang='lat' dir='ltr'>eruere</span> 
     </span>
     <span class='ocr_line' id='line_1_5' title="bbox 422 817 1448 912; baseline -0.003 -18"><span class='ocrx_word' id='word_1_26' title='bbox 422 847 465 894; x_wconf 78' lang='lat' dir='ltr'>ex</span> <span class='ocrx_word' id='word_1_27' title='bbox 486 823 655 891; x_wconf 78' lang='lat' dir='ltr'>uetustatis</span> <span class='ocrx_word' id='word_1_28' title='bbox 674 822 834 910; x_wconf 80' lang='lat' dir='ltr'>caligine.</span> <span class='ocrx_word' id='word_1_29' title='bbox 856 821 919 887; x_wconf 87' lang='lat' dir='ltr'>Me</span> <span class='ocrx_word' id='word_1_30' title='bbox 937 817 1049 902; x_wconf 81' lang='lat' dir='ltr'>nosti,</span> <span class='ocrx_word' id='word_1_31' title='bbox 1073 819 1181 908; x_wconf 86' lang='lat' dir='ltr'>inquit</span> <span class='ocrx_word' id='word_1_32' title='bbox 1202 820 1279 902; x_wconf 90' lang='lat' dir='ltr'>ille,</span> <span class='ocrx_word' id='word_1_33' title='bbox 1300 820 1448 912; x_wconf 78' lang='lat' dir='ltr'>Celege-</span> 
     </span>
     <span class='ocr_line' id='line_1_6' title="bbox 421 929 1441 1026; baseline -0.002 -24"><span class='ocrx_word' id='word_1_34' title='bbox 421 935 462 1002; x_wconf 78' lang='lat' dir='ltr'>rd</span> <span class='ocrx_word' id='word_1_35' title='bbox 475 989 484 1020; x_wconf 92' lang='lat'><strong>,</strong></span> <span class='ocrx_word' id='word_1_36' title='bbox 497 935 611 1026; x_wconf 82' lang='lat' dir='ltr'>tuique</span> <span class='ocrx_word' id='word_1_37' title='bbox 631 931 905 1002; x_wconf 79' lang='lat' dir='ltr'>Cutnuldulenses</span> <span class='ocrx_word' id='word_1_38' title='bbox 915 981 925 1015; x_wconf 90' lang='lat'><strong>,</strong></span> <span class='ocrx_word' id='word_1_39' title='bbox 945 942 983 1000; x_wconf 88' lang='lat' dir='ltr'>ut</span> <span class='ocrx_word' id='word_1_40' title='bbox 1002 929 1096 1000; x_wconf 84' lang='lat' dir='ltr'>venio</span> <span class='ocrx_word' id='word_1_41' title='bbox 1113 931 1213 1001; x_wconf 83' lang='lat' dir='ltr'>toties</span> <span class='ocrx_word' id='word_1_42' title='bbox 1231 934 1278 1001; x_wconf 85' lang='lat' dir='ltr'>ud</span> <span class='ocrx_word' id='word_1_43' title='bbox 1297 957 1350 1002; x_wconf 85' lang='lat' dir='ltr'>vos</span> <span class='ocrx_word' id='word_1_44' title='bbox 1368 932 1441 1002; x_wconf 82' lang='lat' dir='ltr'>exi-</span> 
     </span>
     <span class='ocr_line' id='line_1_7' title="bbox 422 1044 1447 1142; baseline -0.009 -22"><span class='ocrx_word' id='word_1_45' title='bbox 422 1047 509 1123; x_wconf 84' lang='lat' dir='ltr'>liens</span> <span class='ocrx_word' id='word_1_46' title='bbox 538 1075 673 1141; x_wconf 81' lang='lat' dir='ltr'>corpore</span> <span class='ocrx_word' id='word_1_47' title='bbox 704 1048 880 1135; x_wconf 78' lang='lat' dir='ltr'>vultuque,</span> <span class='ocrx_word' id='word_1_48' title='bbox 903 1047 933 1118; x_wconf 85' lang='lat' dir='ltr'>si</span> <span class='ocrx_word' id='word_1_49' title='bbox 952 1044 1034 1134; x_wconf 85' lang='lat' dir='ltr'>quid</span> <span class='ocrx_word' id='word_1_50' title='bbox 1052 1045 1191 1116; x_wconf 82' lang='lat' dir='ltr'>additur</span> <span class='ocrx_word' id='word_1_51' title='bbox 1210 1047 1245 1116; x_wconf 88' lang='lat' dir='ltr'>in</span> <span class='ocrx_word' id='word_1_52' title='bbox 1266 1047 1329 1118; x_wconf 78' lang='lat' dir='ltr'>hoc</span> <span class='ocrx_word' id='word_1_53' title='bbox 1345 1074 1447 1142; x_wconf 75' lang='lat' dir='ltr'>gene.</span> 
     </span>
     <span class='ocr_line' id='line_1_8' title="bbox 423 1165 1444 1258; baseline 0.002 -19"><span class='ocrx_word' id='word_1_54' title='bbox 423 1196 460 1241; x_wconf 83' lang='lat' dir='ltr'>re</span> <span class='ocrx_word' id='word_1_55' title='bbox 477 1167 647 1240; x_wconf 83' lang='lat' dir='ltr'>scriniolis</span> <span class='ocrx_word' id='word_1_56' title='bbox 669 1167 754 1238; x_wconf 75' lang='lat' dir='ltr'>meis</span> <span class='ocrx_word' id='word_1_57' title='bbox 772 1171 847 1258; x_wconf 86' lang='lat' dir='ltr'>(t).</span> <span class='ocrx_word' id='word_1_58' title='bbox 869 1168 928 1235; x_wconf 87' lang='lat' dir='ltr'>llis</span> <span class='ocrx_word' id='word_1_59' title='bbox 956 1166 1014 1235; x_wconf 87' lang='lat' dir='ltr'>ille</span> <span class='ocrx_word' id='word_1_60' title='bbox 1040 1165 1184 1234; x_wconf 86' lang='lat' dir='ltr'>habebat</span> <span class='ocrx_word' id='word_1_61' title='bbox 1202 1167 1289 1235; x_wconf 92' lang='lat' dir='ltr'>nihil</span> <span class='ocrx_word' id='word_1_62' title='bbox 1316 1170 1444 1242; x_wconf 86' lang='lat' dir='ltr'>carius.</span> 
     </span>
    </p>

    <p class='ocr_par' dir='ltr' id='par_1_3' title="bbox 420 1284 1447 2759">
     <span class='ocr_line' id='line_1_9' title="bbox 467 1284 1442 1375; baseline -0.002 -17"><span class='ocrx_word' id='word_1_63' title='bbox 467 1290 651 1360; x_wconf 82' lang='lat' dir='ltr'>Plurimum</span> <span class='ocrx_word' id='word_1_64' title='bbox 681 1309 756 1355; x_wconf 88' lang='lat' dir='ltr'>vero</span> <span class='ocrx_word' id='word_1_65' title='bbox 780 1285 1005 1354; x_wconf 76' lang='lat' dir='ltr'>delectabatur</span> <span class='ocrx_word' id='word_1_66' title='bbox 1034 1284 1195 1368; x_wconf 87' lang='lat' dir='ltr'>monetis,</span> <span class='ocrx_word' id='word_1_67' title='bbox 1221 1309 1357 1375; x_wconf 86' lang='lat' dir='ltr'>quarum</span> <span class='ocrx_word' id='word_1_68' title='bbox 1382 1313 1442 1357; x_wconf 89' lang='lat' dir='ltr'>ru·</span> 
     </span>
     <span class='ocr_line' id='line_1_10' title="bbox 424 1400 1447 1502; baseline -0.01 -26"><span class='ocrx_word' id='word_1_69' title='bbox 424 1407 571 1476; x_wconf 75' lang='lat' dir='ltr'>(lienibus</span> <span class='ocrx_word' id='word_1_70' title='bbox 590 1402 732 1502; x_wconf 73' lang='lat' dir='ltr'>saeculis</span> <span class='ocrx_word' id='word_1_71' title='bbox 749 1425 827 1472; x_wconf 87' lang='lat' dir='ltr'>usus</span> <span class='ocrx_word' id='word_1_72' title='bbox 846 1417 934 1472; x_wconf 78' lang='lat' dir='ltr'>etat.</span> <span class='ocrx_word' id='word_1_73' title='bbox 953 1400 1223 1472; x_wconf 86' lang='lat' dir='ltr'>Numismatibns</span> <span class='ocrx_word' id='word_1_74' title='bbox 1243 1419 1373 1488; x_wconf 86' lang='lat' dir='ltr'>autem,</span> <span class='ocrx_word' id='word_1_75' title='bbox 1392 1405 1447 1474; x_wconf 80' lang='lat' dir='ltr'>si.</span> 
     </span>
     <span class='ocr_line' id='line_1_11' title="bbox 422 1515 1443 1612; baseline -0.001 -25"><span class='ocrx_word' id='word_1_76' title='bbox 422 1519 542 1612; x_wconf 69' lang='lat' dir='ltr'>gillis,</span> <span class='ocrx_word' id='word_1_77' title='bbox 573 1517 720 1608; x_wconf 87' lang='lat' dir='ltr'>plumbis</span> <span class='ocrx_word' id='word_1_78' title='bbox 754 1516 928 1583; x_wconf 87' lang='lat' dir='ltr'>videbatur</span> <span class='ocrx_word' id='word_1_79' title='bbox 954 1515 1197 1605; x_wconf 89' lang='lat' dir='ltr'>quodammodo</span> <span class='ocrx_word' id='word_1_80' title='bbox 1233 1515 1344 1586; x_wconf 84' lang='lat' dir='ltr'>satiari</span> <span class='ocrx_word' id='word_1_81' title='bbox 1374 1541 1443 1586; x_wconf 89' lang='lat' dir='ltr'>non</span> 
     </span>
     <span class='ocr_line' id='line_1_12' title="bbox 421 1635 1441 1729; baseline -0.003 -23"><span class='ocrx_word' id='word_1_82' title='bbox 421 1661 537 1729; x_wconf 81' lang='lat' dir='ltr'>posse.</span> <span class='ocrx_word' id='word_1_83' title='bbox 559 1639 607 1708; x_wconf 82' lang='lat' dir='ltr'>Ac</span> <span class='ocrx_word' id='word_1_84' title='bbox 627 1654 799 1726; x_wconf 85' lang='lat' dir='ltr'>propterea</span> <span class='ocrx_word' id='word_1_85' title='bbox 825 1635 941 1702; x_wconf 86' lang='lat' dir='ltr'>barum</span> <span class='ocrx_word' id='word_1_86' title='bbox 962 1659 1068 1703; x_wconf 90' lang='lat' dir='ltr'>rerum</span> <span class='ocrx_word' id='word_1_87' title='bbox 1087 1635 1262 1724; x_wconf 77' lang='lat' dir='ltr'>collegerat</span> <span class='ocrx_word' id='word_1_88' title='bbox 1282 1657 1441 1724; x_wconf 77' lang='lat' dir='ltr'>magnam</span> 
     </span>
     <span class='ocr_line' id='line_1_13' title="bbox 422 1732 1442 1840; baseline 0.001 -21"><span class='ocrx_word' id='word_1_89' title='bbox 422 1751 572 1840; x_wconf 83' lang='lat' dir='ltr'>sopiam.</span> <span class='ocrx_word' id='word_1_90' title='bbox 591 1751 690 1820; x_wconf 87' lang='lat' dir='ltr'>Nihil</span> <span class='ocrx_word' id='word_1_91' title='bbox 706 1768 816 1817; x_wconf 86' lang='lat' dir='ltr'>tamen</span> <span class='ocrx_word' id='word_1_92' title='bbox 834 1732 961 1840; x_wconf 75' lang='lat' dir='ltr'>aegrius</span> <span class='ocrx_word' id='word_1_93' title='bbox 976 1747 1189 1836; x_wconf 83' lang='lat' dir='ltr'>impartiebat</span> <span class='ocrx_word' id='word_1_94' title='bbox 1209 1748 1321 1831; x_wconf 84' lang='lat' dir='ltr'>alteri,</span> <span class='ocrx_word' id='word_1_95' title='bbox 1338 1773 1442 1838; x_wconf 86' lang='lat' dir='ltr'>quam</span> 
     </span>
     <span class='ocr_line' id='line_1_14' title="bbox 421 1865 1444 1959; baseline 0 -23"><span class='ocrx_word' id='word_1_96' title='bbox 421 1869 502 1959; x_wconf 86' lang='lat' dir='ltr'>quid</span> <span class='ocrx_word' id='word_1_97' title='bbox 530 1893 572 1936; x_wconf 83' lang='lat' dir='ltr'>ax</span> <span class='ocrx_word' id='word_1_98' title='bbox 601 1867 674 1939; x_wconf 86' lang='lat' dir='ltr'>bis.</span> <span class='ocrx_word' id='word_1_99' title='bbox 699 1865 757 1951; x_wconf 77' lang='lat' dir='ltr'>ld,</span> <span class='ocrx_word' id='word_1_100' title='bbox 784 1867 892 1956; x_wconf 84' lang='lat' dir='ltr'>inquit</span> <span class='ocrx_word' id='word_1_101' title='bbox 910 1871 924 1954; x_wconf 84' lang='lat'>(</span> <span class='ocrx_word' id='word_1_102' title='bbox 944 1867 1137 1957; x_wconf 85' lang='lat' dir='ltr'>loquebatur</span> <span class='ocrx_word' id='word_1_103' title='bbox 1160 1867 1201 1936; x_wconf 80' lang='lat' dir='ltr'>tle</span> <span class='ocrx_word' id='word_1_104' title='bbox 1226 1867 1326 1936; x_wconf 88' lang='lat' dir='ltr'>veteri</span> <span class='ocrx_word' id='word_1_105' title='bbox 1357 1891 1444 1957; x_wconf 87' lang='lat' dir='ltr'>quo-</span> 
     </span>
     <span class='ocr_line' id='line_1_15' title="bbox 422 1977 1445 2073; baseline -0.005 -18"><span class='ocrx_word' id='word_1_106' title='bbox 422 1988 502 2055; x_wconf 83' lang='lat' dir='ltr'>‹lam</span> <span class='ocrx_word' id='word_1_107' title='bbox 533 1977 709 2073; x_wconf 83' lang='lat' dir='ltr'>plumbo)</span> <span class='ocrx_word' id='word_1_108' title='bbox 739 1982 777 2052; x_wconf 78' lang='lat' dir='ltr'>id</span> <span class='ocrx_word' id='word_1_109' title='bbox 801 1981 887 2054; x_wconf 81' lang='lat' dir='ltr'>ntibi</span> <span class='ocrx_word' id='word_1_110' title='bbox 914 1981 1016 2052; x_wconf 82' lang='lat' dir='ltr'>invito</span> <span class='ocrx_word' id='word_1_111' title='bbox 1045 1995 1212 2054; x_wconf 83' lang='lat' dir='ltr'>extortum</span> <span class='ocrx_word' id='word_1_112' title='bbox 1245 1993 1296 2052; x_wconf 85' lang='lat' dir='ltr'>est</span> <span class='ocrx_word' id='word_1_113' title='bbox 1321 1982 1445 2052; x_wconf 83' lang='lat' dir='ltr'>amici-</span> 
     </span>
     <span class='ocr_line' id='line_1_16' title="bbox 421 2095 1444 2187; baseline -0.005 -17"><span class='ocrx_word' id='word_1_114' title='bbox 421 2099 493 2180; x_wconf 79' lang='lat' dir='ltr'>tia,</span> <span class='ocrx_word' id='word_1_115' title='bbox 512 2095 675 2186; x_wconf 82' lang='lat' dir='ltr'>donisque</span> <span class='ocrx_word' id='word_1_116' title='bbox 693 2099 766 2186; x_wconf 78' lang='lat' dir='ltr'>(a).</span> <span class='ocrx_word' id='word_1_117' title='bbox 786 2101 825 2168; x_wconf 91' lang='lat' dir='ltr'>ln</span> <span class='ocrx_word' id='word_1_118' title='bbox 848 2099 898 2166; x_wconf 91' lang='lat' dir='ltr'>his</span> <span class='ocrx_word' id='word_1_119' title='bbox 918 2098 1063 2167; x_wconf 87' lang='lat' dir='ltr'>babebat</span> <span class='ocrx_word' id='word_1_120' title='bbox 1081 2123 1154 2166; x_wconf 86' lang='lat' dir='ltr'>suas</span> <span class='ocrx_word' id='word_1_121' title='bbox 1174 2096 1329 2182; x_wconf 83' lang='lat' dir='ltr'>delicias,</span> <span class='ocrx_word' id='word_1_122' title='bbox 1355 2122 1444 2187; x_wconf 89' lang='lat' dir='ltr'>quo·</span> 
     </span>
     <span class='ocr_line' id='line_1_17' title="bbox 422 2199 1444 2304; baseline -0.004 -22"><span class='ocrx_word' id='word_1_123' title='bbox 422 2237 495 2282; x_wconf 86' lang='lat' dir='ltr'>rum</span> <span class='ocrx_word' id='word_1_124' title='bbox 515 2214 669 2284; x_wconf 84' lang='lat' dir='ltr'>diuturno</span> <span class='ocrx_word' id='word_1_125' title='bbox 688 2237 747 2280; x_wconf 91' lang='lat' dir='ltr'>usu</span> <span class='ocrx_word' id='word_1_126' title='bbox 767 2199 929 2282; x_wconf 78' lang='lat' dir='ltr'>didicerat</span> <span class='ocrx_word' id='word_1_127' title='bbox 948 2213 989 2282; x_wconf 80' lang='lat' dir='ltr'>tle</span> <span class='ocrx_word' id='word_1_128' title='bbox 1009 2212 1127 2282; x_wconf 88' lang='lat' dir='ltr'>iisdem</span> <span class='ocrx_word' id='word_1_129' title='bbox 1149 2211 1294 2304; x_wconf 78' lang='lat' dir='ltr'>judicare</span> <span class='ocrx_word' id='word_1_130' title='bbox 1307 2211 1444 2301; x_wconf 86' lang='lat' dir='ltr'>sapien-</span> 
     </span>
     <span class='ocr_line' id='line_1_18' title="bbox 422 2324 1440 2416; baseline -0.005 -20"><span class='ocrx_word' id='word_1_131' title='bbox 422 2343 491 2414; x_wconf 68' lang='lat' dir='ltr'>ter,</span> <span class='ocrx_word' id='word_1_132' title='bbox 513 2328 608 2396; x_wconf 76' lang='lat' dir='ltr'>tnnc</span> <span class='ocrx_word' id='word_1_133' title='bbox 636 2327 733 2394; x_wconf 89' lang='lat' dir='ltr'>avide</span> <span class='ocrx_word' id='word_1_134' title='bbox 762 2325 855 2394; x_wconf 87' lang='lat' dir='ltr'>illius</span> <span class='ocrx_word' id='word_1_135' title='bbox 874 2325 1036 2394; x_wconf 86' lang='lat' dir='ltr'>sententia</span> <span class='ocrx_word' id='word_1_136' title='bbox 1063 2325 1105 2394; x_wconf 89' lang='lat' dir='ltr'>ab</span> <span class='ocrx_word' id='word_1_137' title='bbox 1125 2326 1262 2394; x_wconf 88' lang='lat' dir='ltr'>eruditis</span> <span class='ocrx_word' id='word_1_138' title='bbox 1291 2324 1440 2416; x_wconf 85' lang='lat' dir='ltr'>exquiri,</span> 
     </span>
     <span class='ocr_line' id='line_1_19' title="bbox 421 2443 1439 2537; baseline -0.003 -24"><span class='ocrx_word' id='word_1_139' title='bbox 421 2461 456 2514; x_wconf 88' lang='lat' dir='ltr'>et</span> <span class='ocrx_word' id='word_1_140' title='bbox 479 2444 589 2532; x_wconf 78' lang='lat' dir='ltr'>magni</span> <span class='ocrx_word' id='word_1_141' title='bbox 621 2444 688 2512; x_wconf 87' lang='lat' dir='ltr'>lieri</span> <span class='ocrx_word' id='word_1_142' title='bbox 700 2497 710 2528; x_wconf 90' lang='lat'>‚</span> <span class='ocrx_word' id='word_1_143' title='bbox 740 2445 846 2514; x_wconf 76' lang='lat' dir='ltr'>interno</span> <span class='ocrx_word' id='word_1_144' title='bbox 873 2444 989 2514; x_wconf 87' lang='lat' dir='ltr'>haberi</span> <span class='ocrx_word' id='word_1_145' title='bbox 1010 2443 1052 2514; x_wconf 89' lang='lat' dir='ltr'>ab</span> <span class='ocrx_word' id='word_1_146' title='bbox 1072 2445 1113 2514; x_wconf 78' lang='lat' dir='ltr'>iis</span> <span class='ocrx_word' id='word_1_147' title='bbox 1133 2444 1227 2537; x_wconf 88' lang='lat' dir='ltr'>quasi</span> <span class='ocrx_word' id='word_1_148' title='bbox 1252 2443 1439 2513; x_wconf 89' lang='lat' dir='ltr'>oraculum.</span> 
     </span>
     <span class='ocr_line' id='line_1_20' title="bbox 420 2553 1442 2648; baseline 0.001 -25"><span class='ocrx_word' id='word_1_149' title='bbox 420 2556 461 2623; x_wconf 90' lang='lat' dir='ltr'>Id</span> <span class='ocrx_word' id='word_1_150' title='bbox 492 2557 626 2643; x_wconf 80' lang='lat' dir='ltr'>plausus</span> <span class='ocrx_word' id='word_1_151' title='bbox 657 2557 712 2626; x_wconf 80' lang='lat' dir='ltr'>fiet</span> <span class='ocrx_word' id='word_1_152' title='bbox 742 2580 784 2625; x_wconf 79' lang='lat' dir='ltr'>ex</span> <span class='ocrx_word' id='word_1_153' title='bbox 811 2556 872 2638; x_wconf 79' lang='lat' dir='ltr'>iis&#39;,</span> <span class='ocrx_word' id='word_1_154' title='bbox 901 2581 984 2646; x_wconf 88' lang='lat' dir='ltr'>quae</span> <span class='ocrx_word' id='word_1_155' title='bbox 1016 2557 1174 2642; x_wconf 86' lang='lat' dir='ltr'>narrabo,</span> <span class='ocrx_word' id='word_1_156' title='bbox 1198 2572 1370 2648; x_wconf 80' lang='lat' dir='ltr'>postquam</span> <span class='ocrx_word' id='word_1_157' title='bbox 1397 2553 1442 2625; x_wconf 87' lang='lat' dir='ltr'>ds</span> 
     </span>
     <span class='ocr_line' id='line_1_21' title="bbox 422 2670 1144 2759; baseline 0.006 -21"><span class='ocrx_word' id='word_1_158' title='bbox 422 2671 588 2746; x_wconf 85' lang='lat' dir='ltr'>nonnullis</span> <span class='ocrx_word' id='word_1_159' title='bbox 609 2670 699 2738; x_wconf 84' lang='lat' dir='ltr'>illius</span> <span class='ocrx_word' id='word_1_160' title='bbox 717 2670 872 2758; x_wconf 84' lang='lat' dir='ltr'>operibus</span> <span class='ocrx_word' id='word_1_161' title='bbox 893 2695 995 2759; x_wconf 70' lang='lat' dir='ltr'>{rauca</span> <span class='ocrx_word' id='word_1_162' title='bbox 1014 2671 1144 2746; x_wconf 81' lang='lat' dir='ltr'>dixero.</span> 
     </span>
    </p>

    <p class='ocr_par' dir='ltr' id='par_1_4' title="bbox 418 2787 1451 3468">
     <span class='ocr_line' id='line_1_22' title="bbox 468 2787 1440 2878; baseline -0.005 -18"><span class='ocrx_word' id='word_1_163' title='bbox 468 2791 517 2860; x_wconf 81' lang='lat' dir='ltr'>Ac</span> <span class='ocrx_word' id='word_1_164' title='bbox 538 2790 679 2878; x_wconf 83' lang='lat' dir='ltr'>primurn</span> <span class='ocrx_word' id='word_1_165' title='bbox 701 2790 835 2878; x_wconf 81' lang='lat' dir='ltr'>quidem</span> <span class='ocrx_word' id='word_1_166' title='bbox 862 2791 903 2858; x_wconf 86' lang='lat' dir='ltr'>de</span> <span class='ocrx_word' id='word_1_167' title='bbox 928 2815 967 2860; x_wconf 85' lang='lat' dir='ltr'>eo</span> <span class='ocrx_word' id='word_1_168' title='bbox 988 2790 1072 2860; x_wconf 85' lang='lat' dir='ltr'>libro</span> <span class='ocrx_word' id='word_1_169' title='bbox 1092 2790 1201 2858; x_wconf 88' lang='lat' dir='ltr'>dicam</span> <span class='ocrx_word' id='word_1_170' title='bbox 1212 2841 1224 2874; x_wconf 93' lang='lat'>‚</span> <span class='ocrx_word' id='word_1_171' title='bbox 1243 2811 1342 2878; x_wconf 87' lang='lat' dir='ltr'>quem</span> <span class='ocrx_word' id='word_1_172' title='bbox 1365 2787 1440 2856; x_wconf 86' lang='lat' dir='ltr'>Ve-</span> 
     </span>
     <span class='ocr_line' id='line_1_23' title="bbox 420 2905 1437 3002; baseline -0.004 -24"><span class='ocrx_word' id='word_1_173' title='bbox 420 2907 520 2978; x_wconf 72' lang='lat' dir='ltr'>nstin</span> <span class='ocrx_word' id='word_1_174' title='bbox 545 2933 620 2975; x_wconf 82' lang='lat' dir='ltr'>ann.</span> <span class='ocrx_word' id='word_1_175' title='bbox 653 2906 740 3002; x_wconf 70' lang='lat'>1744</span> <span class='ocrx_word' id='word_1_176' title='bbox 767 2908 802 2976; x_wconf 89' lang='lat' dir='ltr'>in</span> <span class='ocrx_word' id='word_1_177' title='bbox 832 2908 938 2978; x_wconf 86' lang='lat' dir='ltr'>lucem</span> <span class='ocrx_word' id='word_1_178' title='bbox 966 2909 1057 2982; x_wconf 84' lang='lat' dir='ltr'>misit</span> <span class='ocrx_word' id='word_1_179' title='bbox 1077 2910 1131 2998; x_wconf 82' lang='lat'>(3)</span> <span class='ocrx_word' id='word_1_180' title='bbox 1150 2907 1198 2977; x_wconf 88' lang='lat' dir='ltr'>sie</span> <span class='ocrx_word' id='word_1_181' title='bbox 1222 2905 1437 2993; x_wconf 84' lang='lat' dir='ltr'>inscriptum:</span> 
     </span>
     <span class='ocr_line' id='line_1_24' title="bbox 418 3025 1441 3112; baseline -0.004 -19"><span class='ocrx_word' id='word_1_182' title='bbox 418 3027 473 3093; x_wconf 88' lang='lat' dir='ltr'>De</span> <span class='ocrx_word' id='word_1_183' title='bbox 506 3046 542 3090; x_wconf 88' lang='lat' dir='ltr'>re</span> <span class='ocrx_word' id='word_1_184' title='bbox 568 3025 722 3092; x_wconf 74' lang='lat' dir='ltr'>numeria</span> <span class='ocrx_word' id='word_1_185' title='bbox 750 3025 1019 3112; x_wconf 80' lang='lat' dir='ltr'>Patavinorum,</span> <span class='ocrx_word' id='word_1_186' title='bbox 1048 3045 1082 3096; x_wconf 88' lang='lat' dir='ltr'>et</span> <span class='ocrx_word' id='word_1_187' title='bbox 1111 3028 1228 3096; x_wconf 85' lang='lat' dir='ltr'>Marso</span> <span class='ocrx_word' id='word_1_188' title='bbox 1259 3026 1441 3094; x_wconf 78' lang='lat' dir='ltr'>Foscarenn</span> 
     </span>
     <span class='ocr_line' id='line_1_25' title="bbox 420 3123 1451 3232; baseline 0.003 -22"><span class='ocrx_word' id='word_1_189' title='bbox 420 3141 523 3230; x_wconf 84' lang='lat' dir='ltr'>equiti</span> <span class='ocrx_word' id='word_1_190' title='bbox 544 3165 584 3216; x_wconf 75' lang='lat' dir='ltr'>ae</span> <span class='ocrx_word' id='word_1_191' title='bbox 602 3141 670 3208; x_wconf 71' lang='lat' dir='ltr'>disi</span> <span class='ocrx_word' id='word_1_192' title='bbox 691 3144 797 3212; x_wconf 82' lang='lat' dir='ltr'>Marci</span> <span class='ocrx_word' id='word_1_193' title='bbox 821 3148 1018 3232; x_wconf 84' lang='lat' dir='ltr'>procuratori</span> <span class='ocrx_word' id='word_1_194' title='bbox 1039 3146 1183 3216; x_wconf 87' lang='lat' dir='ltr'>dicavit.</span> <span class='ocrx_word' id='word_1_195' title='bbox 1202 3143 1361 3224; x_wconf 82' lang='lat' dir='ltr'>Causam,</span> <span class='ocrx_word' id='word_1_196' title='bbox 1381 3123 1451 3214; x_wconf 34' lang='lat' dir='ltr'>sur·</span> 
     </span>
     <span class='ocr_line' id='line_1_26' title="bbox 421 3256 1440 3350; baseline -0.002 -26"><span class='ocrx_word' id='word_1_197' title='bbox 421 3257 601 3338; x_wconf 73' lang='lat' dir='ltr'>susceperit</span> <span class='ocrx_word' id='word_1_198' title='bbox 617 3256 705 3322; x_wconf 83' lang='lat' dir='ltr'>buna</span> <span class='ocrx_word' id='word_1_199' title='bbox 725 3257 893 3341; x_wconf 88' lang='lat' dir='ltr'>laborem,</span> <span class='ocrx_word' id='word_1_200' title='bbox 914 3263 1021 3348; x_wconf 81' lang='lat' dir='ltr'>aperit</span> <span class='ocrx_word' id='word_1_201' title='bbox 1040 3263 1075 3328; x_wconf 93' lang='lat' dir='ltr'>in</span> <span class='ocrx_word' id='word_1_202' title='bbox 1095 3256 1294 3350; x_wconf 84' lang='lat' dir='ltr'>praelatione</span> <span class='ocrx_word' id='word_1_203' title='bbox 1310 3257 1440 3325; x_wconf 84' lang='lat' dir='ltr'>Bruna·</span> 
     </span>
     <span class='ocr_line' id='line_1_27' title="bbox 421 3366 1448 3468; baseline 0 -28"><span class='ocrx_word' id='word_1_204' title='bbox 421 3369 485 3440; x_wconf 84' lang='lat' dir='ltr'>tius</span> <span class='ocrx_word' id='word_1_205' title='bbox 501 3373 596 3465; x_wconf 55' lang='lat' dir='ltr'>ipsse</span> <span class='ocrx_word' id='word_1_206' title='bbox 615 3373 706 3458; x_wconf 85' lang='lat' dir='ltr'>Diu,</span> <span class='ocrx_word' id='word_1_207' title='bbox 726 3375 790 3461; x_wconf 89' lang='lat' dir='ltr'>ait,</span> <span class='ocrx_word' id='word_1_208' title='bbox 816 3399 926 3446; x_wconf 85' lang='lat' dir='ltr'>versor</span> <span class='ocrx_word' id='word_1_209' title='bbox 946 3374 981 3444; x_wconf 82' lang='lat' dir='ltr'>in</span> <span class='ocrx_word' id='word_1_210' title='bbox 1004 3374 1049 3446; x_wconf 80' lang='lat' dir='ltr'>iis</span> <span class='ocrx_word' id='word_1_211' title='bbox 1077 3371 1256 3448; x_wconf 79' lang='lat' dir='ltr'>tabulariis</span> <span class='ocrx_word' id='word_1_212' title='bbox 1275 3374 1290 3468; x_wconf 91' lang='lat'>(</span> <span class='ocrx_word' id='word_1_213' title='bbox 1309 3366 1448 3454; x_wconf 58' lang='lat' dir='ltr'>seilicet</span> 
     </span>
    </p>
   </div>
   <div class='ocr_carea' id='block_1_3' title="bbox 761 3609 1097 3646">
    <p class='ocr_par' dir='ltr' id='par_1_5' title="bbox 761 3609 1097 3646">
     <span class='ocr_line' id='line_1_28' title="bbox 761 3609 1097 3646; baseline -0.003 -8"><span class='ocrx_word' id='word_1_214' title='bbox 761 3609 1097 3646; x_wconf 57' lang='lat' dir='ltr'>menen-mum</span> 
     </span>
    </p>
   </div>
   <div class='ocr_carea' id='block_1_4' title="bbox 185 3749 1145 4040">
    <p class='ocr_par' dir='ltr' id='par_1_6' title="bbox 185 3749 1145 4040">
     <span class='ocr_line' id='line_1_29' title="bbox 458 3749 1145 3832; baseline 0.007 -23"><span class='ocrx_word' id='word_1_215' title='bbox 458 3750 508 3828; x_wconf 86' lang='grc' dir='ltr'>(ι)</span> <span class='ocrx_word' id='word_1_216' title='bbox 530 3749 617 3809; x_wconf 83' lang='lat' dir='ltr'>initio</span> <span class='ocrx_word' id='word_1_217' title='bbox 636 3750 780 3832; x_wconf 78' lang='lat' dir='ltr'>&#39;epistulae</span> <span class='ocrx_word' id='word_1_218' title='bbox 802 3755 840 3814; x_wconf 83' lang='lat' dir='ltr'>de</span> <span class='ocrx_word' id='word_1_219' title='bbox 852 3757 942 3830; x_wconf 79' lang='lat' dir='ltr'>suctu</span> <span class='ocrx_word' id='word_1_220' title='bbox 961 3752 1145 3816; x_wconf 69' lang='lat' dir='ltr'>Matthiae.</span> 
     </span>
     <span class='ocr_line' id='line_1_30' title="bbox 202 3852 953 3942; baseline 0.003 -32"><span class='ocrx_word' id='word_1_221' title='bbox 202 3913 229 3942; x_wconf 57' lang='lat' dir='ltr'>s*</span> <span class='ocrx_word' id='word_1_222' title='bbox 424 3885 429 3893; x_wconf 87' lang='lat'><strong>·</strong></span> <span class='ocrx_word' id='word_1_223' title='bbox 462 3855 511 3928; x_wconf 74' lang='lat'>(2)</span> <span class='ocrx_word' id='word_1_224' title='bbox 536 3852 644 3912; x_wconf 80' lang='lat' dir='ltr'>{bilem</span> <span class='ocrx_word' id='word_1_225' title='bbox 665 3858 749 3936; x_wconf 82' lang='lat' dir='ltr'>paulo</span> <span class='ocrx_word' id='word_1_226' title='bbox 772 3870 857 3937; x_wconf 72' lang='lat' dir='ltr'>puel.</span> <span class='ocrx_word' id='word_1_227' title='bbox 952 3909 953 3912; x_wconf 75' lang='grc'>,</span> 
     </span>
     <span class='ocr_line' id='line_1_31' title="bbox 185 3926 1116 4040; baseline 0.009 -31"><span class='ocrx_word' id='word_1_228' title='bbox 185 3929 208 3974; x_wconf 84' lang='lat'>&#39;·</span> <span class='ocrx_word' id='word_1_229' title='bbox 229 3926 294 3990; x_wconf 56' lang='grc' dir='ltr'>Ν</span> <span class='ocrx_word' id='word_1_230' title='bbox 308 3948 325 4005; x_wconf 64' lang='lat' dir='ltr'>x</span> <span class='ocrx_word' id='word_1_231' title='bbox 364 3958 389 4010; x_wconf 70' lang='lat' dir='ltr'>s.</span> <span class='ocrx_word' id='word_1_232' title='bbox 431 3937 507 4034; x_wconf 77' lang='lat' dir='ltr'>‘(s)</span> <span class='ocrx_word' id='word_1_233' title='bbox 528 3955 623 4039; x_wconf 75' lang='lat' dir='ltr'>Typis</span> <span class='ocrx_word' id='word_1_234' title='bbox 642 3959 690 4019; x_wconf 79' lang='lat' dir='ltr'>u.</span> <span class='ocrx_word' id='word_1_235' title='bbox 709 3958 859 4040; x_wconf 55' lang='lat' dir='ltr'>saprum</span> <span class='ocrx_word' id='word_1_236' title='bbox 879 3956 1014 4040; x_wconf 71' lang='lat' dir='ltr'>pasquali</span> <span class='ocrx_word' id='word_1_237' title='bbox 1032 3956 1064 4019; x_wconf 77' lang='lat' dir='ltr'>n</span> <span class='ocrx_word' id='word_1_238' title='bbox 1085 3959 1116 4020; x_wconf 90' lang='lat' dir='ltr'>s.</span> 
     </span>
    </p>
   </div>
   <div class='ocr_carea' id='block_1_5' title="bbox 0 0 1634 4959">
    <p class='ocr_par' dir='ltr' id='par_1_7' title="bbox 0 0 1634 4959">
     <span class='ocr_line' id='line_1_32' title="bbox 0 0 1634 4959; baseline 0 2"><span class='ocrx_word' id='word_1_239' title='bbox 0 0 1634 4959; x_wconf 95' lang='lat' dir='ltr'> </span> 
     </span>
    </p>
   </div>
  </div>
 </body>
</html>
