3259 4959
582 313 951 396 racosisaacoorrot
1199 337 1267 420 o7r

247 454 304 558 lit,
318 467 429 543 eidem
441 465 590 542 inaximo
600 466 819 540 incitamento
828 465 919 540 fuere
929 468 973 540 sd
987 466 1075 542 huno
1084 468 1268 552 studiorum
1396 529 1402 537 .

248 609 380 661 rursum
407 587 550 661 feliciter
574 586 793 660 omentum.-
820 591 874 659 Ita
904 608 947 659 ex
978 588 1269 680 grammaticorum

248 706 387 778 salebris
405 705 548 778 evadens
567 717 723 798 prospere
741 696 786 774 acl
805 700 985 772 audiendos
1004 702 1150 773 rhetores
1170 719 1206 774 se
1232 725 1270 778 se

247 804 407 890 contulits
429 820 576 892 Graecas
589 817 718 896 litterae
736 832 772 888 et
788 815 911 888 latinas
930 809 1050 886 didicit
1067 841 1087 886 a
1106 816 1271 888 sebastia·

246 960 289 1006 no
308 929 509 1010 Melchiorio
526 953 562 1008 et
579 936 786 1026 Hieronymo
803 935 1036 1030 Cyprisno(r)
1055 932 1092 1008 id
1111 937 1270 1029 temporis

243 1058 393 1150 patarini
418 1047 598 1130 Seminarii
624 1057 814 1149 magistris,
844 1074 983 1148 quorum
1010 1054 1171 1144 alterum,
1198 1055 1270 1149 Cy-

244 1173 399 1264 priorum
428 1172 580 1258 seilicet,
604 1168 930 1262 archipresbyterum
949 1171 1091 1241 atestino
1109 1172 1145 1241 in
1169 1171 1270 1266 oppi-

244 1286 289 1355 do
306 1286 435 1380 jamdiu
453 1280 618 1356 vidimus.
638 1285 818 1374 Utriusque
837 1305 900 1375 ope
927 1282 1071 1356 Jacolrus
1101 1308 1167 1355 non
1195 1285 1269 1356 exi-

243 1419 342 1492 guam
361 1399 428 1470 sibi
448 1398 582 1470 dicendi
610 1398 740 1492 peperit
765 1397 978 1484 facultatem,
1001 1419 1101 1490 quam
1128 1401 1270 1490 erpoliit

246 1530 365 1606 postea
383 1532 418 1589 et
432 1517 526 1590 ausit
545 1500 694 1612 egressus
715 1539 736 1586 e
762 1513 971 1601 seminans,
999 1528 1177 1608 praeeunte
1202 1517 1268 1609 ipsi

242 1626 279 1714 in
298 1632 455 1722 patavino
478 1633 614 1725 quidem
647 1617 929 1724 Archigymnario
956 1629 1136 1700 Dominico
1163 1637 1269 1704 Lesa·

240 1745 316 1814 rino
341 1744 454 1838 magni
486 1744 633 1818 nominis
661 1741 874 1836 professore,
897 1757 932 1810 at
956 1742 991 1812 in
1015 1743 1143 1834 graecis
1169 1767 1272 1836 praes

239 1862 339 1956 cipue
357 1864 478 1935 litteris
496 1864 646 1954 erudit05
658 1863 695 1932 in
716 1861 884 1934 metente
911 1878 1023 1931 autem
1046 1855 1127 1933 Iesu
1157 1863 1268 1955 (oui,

240 1998 282 2053 ut
297 1999 377 2054 mor
401 1983 615 2071 ridebimus,
633 2000 754 2052 nornen
775 1982 1080 2072 ostrofranciam
1099 1982 1268 2082 Quadrio,

241 2100 313 2170 siro
331 2097 541 2189 clarinirno,
559 2114 595 2171 et
613 2101 656 2170 ad
675 2115 810 2170 omnem
834 2097 1077 2172 humanitatem
1096 2096 1248 2175 exculto.

289 2222 399 2313 Atque
417 2221 516 2314 hujus
535 2213 670 2309 quidem
691 2215 852 2284 oratoriae
871 2237 951 2286 suae
970 2210 1136 2286 facultatis
1156 2219 1268 2309 specis.

242 2351 322 2405 men·
340 2337 485 2425 primum
503 2333 617 2420 tenir,
636 2356 712 2402 cum
731 2331 1018 2404 eminentissimos
1042 2333 1196 2430 princeps
1208 2337 1267 2408 lo.

245 2452 439 2524 Franciscus
458 2453 661 2548 Barbaelicus
680 2454 736 2544 (a)
755 2451 798 2523 ab
816 2449 958 2524 eeclesia
977 2446 1139 2522 brixiensi
1157 2448 1200 2524 ed
1219 2477 1268 2524 re-

240 2573 385 2661 gendam
403 2568 594 2665 patavinam
611 2573 770 2642 accedens
789 2573 960 2643 renovavit
978 2571 1175 2642 memoriam
1204 2574 1267 2664 pai

240 2689 324 2777 troi,
338 2691 380 2763 de
399 2717 464 2786 quo
475 2688 567 2764 nulla
585 2709 743 2784 umquam
761 2681 938 2784 posteritas
951 2686 1169 2781 emticeseet.
1184 2695 1269 2766 Ore

242 2807 369 2882 tionem
397 2812 488 2882 enim
515 2809 654 2881 latinam
682 2805 718 2882 in
750 2811 861 2882 lucem
889 2805 984 2882 misit
1002 2807 1079 2901 (5),
1097 2807 1265 2888 Francisol

242 2923 353 3003 fratris
371 2928 510 3003 consilio
529 2930 689 3024 scriptam
707 2928 783 3024 (4),
806 2930 844 3000 in
867 2927 1069 3024 quaomnia
1099 2931 1181 3001 adeo
1210 2927 1267 3022 ln-

589 3133 926 3167 mmmmm·

289 3278 340 3356 (ι)
361 3273 441 3342 vids
465 3275 660 3347 Marruebelli
678 3280 823 3342 Scrittorr'
839 3279 972 3342 d'Italia
998 3273 1068 3346 Vol.
1088 3279 1118 3342 ll
1136 3291 1211 3362 part.
1231 3297 1264 3350 2.

240 3401 308 3466 pag.
329 3381 399 3442 626.
416 3382 465 3441 De
484 3382 657 3443 Melcbiorio
676 3383 850 3443 mentionem
872 3380 990 3442 ferimus
1009 3399 1075 3466 pag.
1088 3381 1138 3462 87.

232 3557 239 3568 ,
290 3489 340 3570 (a)
361 3485 440 3552 Vide
460 3483 521 3568 ejus
542 3483 631 3548 vitant
647 3509 713 3571 pag.
736 3489 804 3550 aab.

285 3593 336 3672 (ὅ)
356 3589 469 3654 Patavii
489 3591 564 3674 typis
585 3589 719 3650 Conratti
737 3589 769 3650 iu
784 3595 815 3666 4.
839 3579 1027 3654 videniur
1046 3583 1146 3650 Caroli
1165 3581 1263 3654 Bello·

243 3696 327 3780 gradi
350 3697 642 3760 commentatores.
662 3719 727 3781 pag.
748 3697 777 3758 5.

231 3859 239 3874 ,
288 3800 339 3879 (4)
356 3801 385 3860 Is
397 3798 510 3862 Jacobs
525 3800 611 3861 fratre
623 3799 818 3881 quinquennio
835 3795 925 3881 major
941 3797 971 3860 in
981 3797 1118 3883 patavino
1129 3796 1262 3868 Seruius·

246 3904 291 3966 rie
306 3904 471 3990 jampridem
489 3908 598 3970 litteras
620 3932 652 3971 ae
671 3911 805 3972 scientias
825 3910 948 3973 feliciter
968 3907 1057 3972 coluit
1075 3909 1189 3974 circiter
1208 3934 1261 3974 an-

219 4031 299 4076 ,nos
329 4027 410 4094 uoto,
436 4023 566 4102 egressis
586 4016 654 4083 bins
672 4016 788 4086 tardem
802 4005 1113 4107 tannetarium
1143 4010 1259 4102 altiores¹
