<?xml version="1.0" encoding="UTF-8"?>
<!DOCTYPE html PUBLIC "-//W3C//DTD XHTML 1.0 Transitional//EN"
    "http://www.w3.org/TR/xhtml1/DTD/xhtml1-transitional.dtd">
<html xmlns="http://www.w3.org/1999/xhtml" xml:lang="en" lang="en">
 <head>
  <title>
</title>
<meta http-equiv="Content-Type" content="text/html;charset=utf-8" />
  <meta name='ocr-system' content='tesseract 3.04.00' />
  <meta name='ocr-capabilities' content='ocr_page ocr_carea ocr_par ocr_line ocrx_word'/>
</head>
<body>
  <div class='ocr_page' id='page_1' title='image "./vitaevirorumill00ferrgoog_0465.png"; bbox 0 0 3259 4959; ppageno 0'>
   <div class='ocr_carea' id='block_1_1' title="bbox 504 315 1198 409">
    <p class='ocr_par' dir='ltr' id='par_1_1' title="bbox 504 315 1198 409">
     <span class='ocr_line' id='line_1_1' title="bbox 504 315 1198 409; baseline -0.007 -9"><span class='ocrx_word' id='word_1_1' title='bbox 504 345 688 400; x_wconf 79' lang='lat' dir='ltr'>rntncrscr</span> <span class='ocrx_word' id='word_1_2' title='bbox 707 343 885 395; x_wconf 71' lang='lat' dir='ltr'>notuerat</span> <span class='ocrx_word' id='word_1_3' title='bbox 1129 315 1198 409; x_wconf 76' lang='grc' dir='ltr'>[μγ</span> 
     </span>
    </p>
   </div>
   <div class='ocr_carea' id='block_1_2' title="bbox 125 461 1286 3926">
    <p class='ocr_par' dir='ltr' id='par_1_2' title="bbox 181 461 1286 1366">
     <span class='ocr_line' id='line_1_2' title="bbox 185 461 1199 565; baseline -0.014 -20"><span class='ocrx_word' id='word_1_4' title='bbox 185 473 289 546; x_wconf 81' lang='lat' dir='ltr'>eentel</span> <span class='ocrx_word' id='word_1_5' title='bbox 308 489 517 565; x_wconf 81' lang='lat' dir='ltr'>perceperat,</span> <span class='ocrx_word' id='word_1_6' title='bbox 536 472 582 540; x_wconf 92' lang='lat' dir='ltr'>ita</span> <span class='ocrx_word' id='word_1_7' title='bbox 601 468 781 539; x_wconf 84' lang='lat' dir='ltr'>haerebant</span> <span class='ocrx_word' id='word_1_8' title='bbox 800 469 835 536; x_wconf 90' lang='lat' dir='ltr'>in</span> <span class='ocrx_word' id='word_1_9' title='bbox 854 463 926 558; x_wconf 73' lang='lat' dir='ltr'>ejus</span> <span class='ocrx_word' id='word_1_10' title='bbox 945 461 1058 540; x_wconf 89' lang='lat' dir='ltr'>animo</span> <span class='ocrx_word' id='word_1_11' title='bbox 1076 461 1199 547; x_wconf 74' lang='lat' dir='ltr'>inlisa,</span> 
     </span>
     <span class='ocr_line' id='line_1_3' title="bbox 184 581 1195 682; baseline -0.014 -21"><span class='ocrx_word' id='word_1_12' title='bbox 184 611 242 677; x_wconf 83' lang='lat' dir='ltr'>ut,</span> <span class='ocrx_word' id='word_1_13' title='bbox 270 593 398 682; x_wconf 88' lang='lat' dir='ltr'>quoties</span> <span class='ocrx_word' id='word_1_14' title='bbox 430 589 549 673; x_wconf 86' lang='lat' dir='ltr'>vellet,</span> <span class='ocrx_word' id='word_1_15' title='bbox 577 589 686 657; x_wconf 90' lang='lat' dir='ltr'>eidem</span> <span class='ocrx_word' id='word_1_16' title='bbox 715 603 825 656; x_wconf 83' lang='lat' dir='ltr'>essent</span> <span class='ocrx_word' id='word_1_17' title='bbox 853 587 887 653; x_wconf 94' lang='lat' dir='ltr'>in</span> <span class='ocrx_word' id='word_1_18' title='bbox 919 596 1094 677; x_wconf 74' lang='lat' dir='ltr'>promptu,</span> <span class='ocrx_word' id='word_1_19' title='bbox 1114 581 1195 672; x_wconf 85' lang='lat' dir='ltr'>quin</span> 
     </span>
     <span class='ocr_line' id='line_1_4' title="bbox 186 697 1197 789; baseline -0.013 -14"><span class='ocrx_word' id='word_1_20' title='bbox 186 707 254 775; x_wconf 84' lang='lat' dir='ltr'>ulla</span> <span class='ocrx_word' id='word_1_21' title='bbox 274 703 420 774; x_wconf 82' lang='lat' dir='ltr'>confusio</span> <span class='ocrx_word' id='word_1_22' title='bbox 440 705 618 783; x_wconf 78' lang='lat' dir='ltr'><strong>existeret,</strong></span> <span class='ocrx_word' id='word_1_23' title='bbox 639 716 676 770; x_wconf 88' lang='lat' dir='ltr'>ut</span> <span class='ocrx_word' id='word_1_24' title='bbox 693 724 792 789; x_wconf 80' lang='lat' dir='ltr'>saepe</span> <span class='ocrx_word' id='word_1_25' title='bbox 814 701 869 784; x_wconf 89' lang='lat' dir='ltr'>lit,</span> <span class='ocrx_word' id='word_1_26' title='bbox 888 723 931 768; x_wconf 83' lang='lat' dir='ltr'>ex</span> <span class='ocrx_word' id='word_1_27' title='bbox 951 716 1018 767; x_wconf 87' lang='lat' dir='ltr'>tam</span> <span class='ocrx_word' id='word_1_28' title='bbox 1039 697 1197 765; x_wconf 82' lang='lat' dir='ltr'>dissimili</span> 
     </span>
     <span class='ocr_line' id='line_1_5' title="bbox 184 804 1200 914; baseline -0.008 -22"><span class='ocrx_word' id='word_1_29' title='bbox 184 804 294 892; x_wconf 80' lang='lat' dir='ltr'>rerum</span> <span class='ocrx_word' id='word_1_30' title='bbox 313 825 427 914; x_wconf 87' lang='lat' dir='ltr'>copia.</span> <span class='ocrx_word' id='word_1_31' title='bbox 456 825 521 891; x_wconf 77' lang='lat' dir='ltr'>&#39;l&#39;ot</span> <span class='ocrx_word' id='word_1_32' title='bbox 539 822 597 889; x_wconf 91' lang='lat' dir='ltr'>ille</span> <span class='ocrx_word' id='word_1_33' title='bbox 617 821 762 890; x_wconf 87' lang='lat' dir='ltr'>intentus</span> <span class='ocrx_word' id='word_1_34' title='bbox 782 818 992 888; x_wconf 79' lang='lat' dir='ltr'>detinebatur</span> <span class='ocrx_word' id='word_1_35' title='bbox 1010 818 1100 886; x_wconf 91' lang='lat' dir='ltr'>domi</span> <span class='ocrx_word' id='word_1_36' title='bbox 1125 816 1200 885; x_wconf 84' lang='lat' dir='ltr'>diu-</span> 
     </span>
     <span class='ocr_line' id='line_1_6' title="bbox 185 933 1198 1022; baseline -0.004 -18"><span class='ocrx_word' id='word_1_37' title='bbox 185 937 253 1005; x_wconf 88' lang='lat' dir='ltr'>tius</span> <span class='ocrx_word' id='word_1_38' title='bbox 273 937 415 1005; x_wconf 89' lang='lat' dir='ltr'>inclusus</span> <span class='ocrx_word' id='word_1_39' title='bbox 444 934 614 1004; x_wconf 85' lang='lat' dir='ltr'>eubiculo.</span> <span class='ocrx_word' id='word_1_40' title='bbox 643 935 730 1004; x_wconf 86' lang='lat' dir='ltr'>Hine</span> <span class='ocrx_word' id='word_1_41' title='bbox 757 933 815 1004; x_wconf 87' lang='lat' dir='ltr'>illa</span> <span class='ocrx_word' id='word_1_42' title='bbox 841 933 1017 1022; x_wconf 84' lang='lat' dir='ltr'>multiplex</span> <span class='ocrx_word' id='word_1_43' title='bbox 1036 933 1198 1019; x_wconf 81' lang='lat' dir='ltr'>eruditio,</span> 
     </span>
     <span class='ocr_line' id='line_1_7' title="bbox 181 1052 1286 1145; baseline -0.001 -23"><span class='ocrx_word' id='word_1_44' title='bbox 181 1079 285 1145; x_wconf 88' lang='lat' dir='ltr'>quarn</span> <span class='ocrx_word' id='word_1_45' title='bbox 304 1052 401 1124; x_wconf 85' lang='lat' dir='ltr'>facile</span> <span class='ocrx_word' id='word_1_46' title='bbox 420 1054 559 1125; x_wconf 83' lang='lat' dir='ltr'>cuilibet</span> <span class='ocrx_word' id='word_1_47' title='bbox 587 1055 832 1144; x_wconf 82' lang='lat' dir='ltr'>deprehendere</span> <span class='ocrx_word' id='word_1_48' title='bbox 859 1055 940 1122; x_wconf 90' lang='lat' dir='ltr'>licet</span> <span class='ocrx_word' id='word_1_49' title='bbox 966 1052 1002 1121; x_wconf 89' lang='lat' dir='ltr'>in</span> <span class='ocrx_word' id='word_1_50' title='bbox 1026 1052 1097 1143; x_wconf 72' lang='lat' dir='ltr'>eius</span> <span class='ocrx_word' id='word_1_51' title='bbox 1116 1053 1200 1123; x_wconf 87' lang='lat' dir='ltr'>scri·</span> <span class='ocrx_word' id='word_1_52' title='bbox 1276 1063 1286 1084; x_wconf 85' lang='lat'><strong><em>¹</em></strong></span> 
     </span>
     <span class='ocr_line' id='line_1_8' title="bbox 182 1172 1199 1262; baseline 0.001 -22"><span class='ocrx_word' id='word_1_53' title='bbox 182 1173 274 1261; x_wconf 79' lang='lat' dir='ltr'>ptis.</span> <span class='ocrx_word' id='word_1_54' title='bbox 303 1173 366 1243; x_wconf 89' lang='lat' dir='ltr'>His</span> <span class='ocrx_word' id='word_1_55' title='bbox 394 1174 616 1243; x_wconf 85' lang='lat' dir='ltr'>doctrinarum</span> <span class='ocrx_word' id='word_1_56' title='bbox 635 1189 669 1242; x_wconf 91' lang='lat' dir='ltr'>et</span> <span class='ocrx_word' id='word_1_57' title='bbox 687 1172 806 1242; x_wconf 88' lang='lat' dir='ltr'>artium</span> <span class='ocrx_word' id='word_1_58' title='bbox 827 1172 946 1262; x_wconf 85' lang='lat' dir='ltr'>opibus</span> <span class='ocrx_word' id='word_1_59' title='bbox 965 1188 1078 1242; x_wconf 86' lang='lat' dir='ltr'>auctus</span> <span class='ocrx_word' id='word_1_60' title='bbox 1103 1197 1199 1243; x_wconf 85' lang='lat' dir='ltr'>suum</span> 
     </span>
     <span class='ocr_line' id='line_1_9' title="bbox 185 1286 1205 1366; baseline 0 -13"><span class='ocrx_word' id='word_1_61' title='bbox 185 1309 227 1354; x_wconf 83' lang='lat' dir='ltr'>ac</span> <span class='ocrx_word' id='word_1_62' title='bbox 246 1286 424 1355; x_wconf 86' lang='lat' dir='ltr'>Seminarii</span> <span class='ocrx_word' id='word_1_63' title='bbox 445 1309 564 1356; x_wconf 89' lang='lat' dir='ltr'>nomen</span> <span class='ocrx_word' id='word_1_64' title='bbox 584 1286 743 1356; x_wconf 86' lang='lat' dir='ltr'>illustrius</span> <span class='ocrx_word' id='word_1_65' title='bbox 763 1286 928 1356; x_wconf 85' lang='lat' dir='ltr'>reddidit.</span> <span class='ocrx_word' id='word_1_66' title='bbox 1201 1359 1205 1366; x_wconf 60' lang='grc'>,</span> 
     </span>
    </p>

    <p class='ocr_par' dir='ltr' id='par_1_3' title="bbox 125 1400 1209 3926">
     <span class='ocr_line' id='line_1_10' title="bbox 234 1400 1200 1493; baseline 0 -25"><span class='ocrx_word' id='word_1_67' title='bbox 234 1400 373 1470; x_wconf 88' lang='lat' dir='ltr'>Interim</span> <span class='ocrx_word' id='word_1_68' title='bbox 392 1402 547 1492; x_wconf 81' lang='lat' dir='ltr'>vergebat</span> <span class='ocrx_word' id='word_1_69' title='bbox 565 1425 669 1471; x_wconf 89' lang='lat' dir='ltr'>annus</span> <span class='ocrx_word' id='word_1_70' title='bbox 693 1400 827 1493; x_wconf 87' lang='lat' dir='ltr'>quintus</span> <span class='ocrx_word' id='word_1_71' title='bbox 846 1417 881 1469; x_wconf 92' lang='lat' dir='ltr'>et</span> <span class='ocrx_word' id='word_1_72' title='bbox 899 1401 1117 1491; x_wconf 79' lang='lat' dir='ltr'>octogesimus</span> <span class='ocrx_word' id='word_1_73' title='bbox 1144 1425 1200 1468; x_wconf 88' lang='lat' dir='ltr'>su·</span> 
     </span>
     <span class='ocr_line' id='line_1_11' title="bbox 185 1497 1209 1609; baseline 0.004 -29"><span class='ocrx_word' id='word_1_74' title='bbox 185 1497 246 1604; x_wconf 56' lang='lat' dir='ltr'>&#39;pra</span> <span class='ocrx_word' id='word_1_75' title='bbox 266 1515 482 1585; x_wconf 90' lang='lat' dir='ltr'>millesimum</span> <span class='ocrx_word' id='word_1_76' title='bbox 502 1515 852 1609; x_wconf 83' lang='lat' dir='ltr'>septingentesimum,</span> <span class='ocrx_word' id='word_1_77' title='bbox 871 1540 947 1584; x_wconf 90' lang='lat' dir='ltr'>curn</span> <span class='ocrx_word' id='word_1_78' title='bbox 967 1516 1129 1587; x_wconf 84' lang='lat' dir='ltr'>Venetiae</span> <span class='ocrx_word' id='word_1_79' title='bbox 1150 1541 1209 1584; x_wconf 59' lang='lat' dir='ltr'>aes</span> 
     </span>
     <span class='ocr_line' id='line_1_12' title="bbox 189 1628 1201 1723; baseline 0.001 -27"><span class='ocrx_word' id='word_1_80' title='bbox 189 1628 327 1700; x_wconf 90' lang='lat' dir='ltr'>cersitur</span> <span class='ocrx_word' id='word_1_81' title='bbox 346 1632 387 1700; x_wconf 91' lang='lat' dir='ltr'>ad</span> <span class='ocrx_word' id='word_1_82' title='bbox 407 1632 622 1723; x_wconf 81' lang='lat' dir='ltr'>profitendam</span> <span class='ocrx_word' id='word_1_83' title='bbox 651 1632 874 1722; x_wconf 89' lang='lat' dir='ltr'>eloquentiam</span> <span class='ocrx_word' id='word_1_84' title='bbox 902 1655 1029 1700; x_wconf 87' lang='lat' dir='ltr'>sacram</span> <span class='ocrx_word' id='word_1_85' title='bbox 1053 1630 1088 1698; x_wconf 93' lang='lat' dir='ltr'>in</span> <span class='ocrx_word' id='word_1_86' title='bbox 1108 1630 1201 1700; x_wconf 83' lang='lat' dir='ltr'>scha-</span> 
     </span>
     <span class='ocr_line' id='line_1_13' title="bbox 188 1747 1200 1841; baseline 0.003 -27"><span class='ocrx_word' id='word_1_87' title='bbox 188 1747 251 1832; x_wconf 90' lang='lat' dir='ltr'>lis,</span> <span class='ocrx_word' id='word_1_88' title='bbox 280 1773 361 1841; x_wconf 86' lang='lat' dir='ltr'>quas</span> <span class='ocrx_word' id='word_1_89' title='bbox 390 1751 432 1822; x_wconf 89' lang='lat' dir='ltr'>ad</span> <span class='ocrx_word' id='word_1_90' title='bbox 460 1753 654 1822; x_wconf 90' lang='lat' dir='ltr'>clericorum</span> <span class='ocrx_word' id='word_1_91' title='bbox 673 1751 917 1821; x_wconf 86' lang='lat' dir='ltr'>institutionem</span> <span class='ocrx_word' id='word_1_92' title='bbox 945 1750 1077 1840; x_wconf 82' lang='lat' dir='ltr'>publica</span> <span class='ocrx_word' id='word_1_93' title='bbox 1109 1748 1200 1819; x_wconf 84' lang='lat' dir='ltr'>illius</span> 
     </span>
     <span class='ocr_line' id='line_1_14' title="bbox 190 1859 1200 1955; baseline -0.002 -27"><span class='ocrx_word' id='word_1_94' title='bbox 190 1859 390 1950; x_wconf 88' lang='lat' dir='ltr'>reipublicae</span> <span class='ocrx_word' id='word_1_95' title='bbox 419 1865 641 1950; x_wconf 82' lang='lat' dir='ltr'>munificentia</span> <span class='ocrx_word' id='word_1_96' title='bbox 673 1882 863 1955; x_wconf 88' lang='lat' dir='ltr'>aperuerat.</span> <span class='ocrx_word' id='word_1_97' title='bbox 895 1867 1003 1954; x_wconf 83' lang='lat' dir='ltr'>Aegre</span> <span class='ocrx_word' id='word_1_98' title='bbox 1032 1861 1200 1950; x_wconf 83' lang='lat' dir='ltr'>ferebant,</span> 
     </span>
     <span class='ocr_line' id='line_1_15' title="bbox 191 1975 1202 2063; baseline 0.004 -23"><span class='ocrx_word' id='word_1_99' title='bbox 191 1975 247 2062; x_wconf 90' lang='lat' dir='ltr'>qui</span> <span class='ocrx_word' id='word_1_100' title='bbox 266 1975 390 2047; x_wconf 82' lang='lat' dir='ltr'>addicti</span> <span class='ocrx_word' id='word_1_101' title='bbox 409 1995 502 2046; x_wconf 88' lang='lat' dir='ltr'>erant</span> <span class='ocrx_word' id='word_1_102' title='bbox 524 1977 729 2063; x_wconf 74' lang='lat' dir='ltr'>Seminane,</span> <span class='ocrx_word' id='word_1_103' title='bbox 749 1979 959 2057; x_wconf 87' lang='lat' dir='ltr'>Franciscum</span> <span class='ocrx_word' id='word_1_104' title='bbox 979 1977 1022 2045; x_wconf 89' lang='lat' dir='ltr'>ab</span> <span class='ocrx_word' id='word_1_105' title='bbox 1041 2001 1082 2045; x_wconf 90' lang='lat' dir='ltr'>eo</span> <span class='ocrx_word' id='word_1_106' title='bbox 1099 1977 1202 2044; x_wconf 89' lang='lat' dir='ltr'>disre-</span> 
     </span>
     <span class='ocr_line' id='line_1_16' title="bbox 189 2091 1202 2187; baseline 0.003 -28"><span class='ocrx_word' id='word_1_107' title='bbox 189 2091 286 2161; x_wconf 90' lang='lat' dir='ltr'>dere.</span> <span class='ocrx_word' id='word_1_108' title='bbox 306 2095 431 2187; x_wconf 83' lang='lat' dir='ltr'>Magna</span> <span class='ocrx_word' id='word_1_109' title='bbox 451 2097 540 2165; x_wconf 91' lang='lat' dir='ltr'>enim</span> <span class='ocrx_word' id='word_1_110' title='bbox 561 2113 631 2166; x_wconf 87' lang='lat' dir='ltr'>erat</span> <span class='ocrx_word' id='word_1_111' title='bbox 649 2099 739 2166; x_wconf 90' lang='lat' dir='ltr'>illius</span> <span class='ocrx_word' id='word_1_112' title='bbox 758 2099 891 2186; x_wconf 80' lang='lat' dir='ltr'>opinio:</span> <span class='ocrx_word' id='word_1_113' title='bbox 918 2114 995 2164; x_wconf 89' lang='lat' dir='ltr'>nota</span> <span class='ocrx_word' id='word_1_114' title='bbox 1019 2095 1144 2165; x_wconf 85' lang='lat' dir='ltr'>eximia</span> <span class='ocrx_word' id='word_1_115' title='bbox 1162 2095 1202 2163; x_wconf 90' lang='lat' dir='ltr'>il·</span> 
     </span>
     <span class='ocr_line' id='line_1_17' title="bbox 187 2203 1202 2301; baseline 0.01 -31"><span class='ocrx_word' id='word_1_116' title='bbox 187 2203 253 2272; x_wconf 88' lang='lat' dir='ltr'>lius</span> <span class='ocrx_word' id='word_1_117' title='bbox 272 2207 398 2297; x_wconf 83' lang='lat' dir='ltr'>ingenii</span> <span class='ocrx_word' id='word_1_118' title='bbox 419 2210 568 2279; x_wconf 87' lang='lat' dir='ltr'>celeritas</span> <span class='ocrx_word' id='word_1_119' title='bbox 587 2228 621 2279; x_wconf 91' lang='lat' dir='ltr'>et</span> <span class='ocrx_word' id='word_1_120' title='bbox 642 2213 842 2301; x_wconf 85' lang='lat' dir='ltr'>praestantia</span> <span class='ocrx_word' id='word_1_121' title='bbox 870 2211 1064 2301; x_wconf 84' lang='lat' dir='ltr'>singularis.</span> <span class='ocrx_word' id='word_1_122' title='bbox 1092 2215 1126 2279; x_wconf 89' lang='lat' dir='ltr'>Is</span> <span class='ocrx_word' id='word_1_123' title='bbox 1150 2228 1202 2280; x_wconf 83' lang='lat' dir='ltr'>ta·</span> 
     </span>
     <span class='ocr_line' id='line_1_18' title="bbox 189 2321 1198 2418; baseline 0.008 -34"><span class='ocrx_word' id='word_1_124' title='bbox 189 2340 268 2385; x_wconf 88' lang='lat' dir='ltr'>rnen</span> <span class='ocrx_word' id='word_1_125' title='bbox 286 2321 440 2392; x_wconf 89' lang='lat' dir='ltr'>omnibus</span> <span class='ocrx_word' id='word_1_126' title='bbox 461 2341 596 2394; x_wconf 88' lang='lat' dir='ltr'>testatus</span> <span class='ocrx_word' id='word_1_127' title='bbox 616 2326 748 2415; x_wconf 86' lang='lat' dir='ltr'>publice</span> <span class='ocrx_word' id='word_1_128' title='bbox 768 2350 862 2395; x_wconf 87' lang='lat' dir='ltr'>suurn</span> <span class='ocrx_word' id='word_1_129' title='bbox 882 2341 1010 2418; x_wconf 82' lang='lat' dir='ltr'>gratum</span> <span class='ocrx_word' id='word_1_130' title='bbox 1031 2325 1198 2407; x_wconf 87' lang='lat' dir='ltr'>animum,</span> 
     </span>
     <span class='ocr_line' id='line_1_19' title="bbox 189 2434 1202 2529; baseline 0.007 -31"><span class='ocrx_word' id='word_1_131' title='bbox 189 2453 255 2520; x_wconf 89' lang='lat' dir='ltr'>quo</span> <span class='ocrx_word' id='word_1_132' title='bbox 274 2434 468 2523; x_wconf 88' lang='lat' dir='ltr'>vocabatur,</span> <span class='ocrx_word' id='word_1_133' title='bbox 487 2462 523 2508; x_wconf 87' lang='lat' dir='ltr'>se</span> <span class='ocrx_word' id='word_1_134' title='bbox 542 2440 699 2508; x_wconf 88' lang='lat' dir='ltr'>contulit.</span> <span class='ocrx_word' id='word_1_135' title='bbox 727 2440 811 2508; x_wconf 92' lang='lat' dir='ltr'>Cum</span> <span class='ocrx_word' id='word_1_136' title='bbox 838 2439 983 2529; x_wconf 82' lang='lat' dir='ltr'>primurn</span> <span class='ocrx_word' id='word_1_137' title='bbox 1007 2438 1083 2506; x_wconf 92' lang='lat' dir='ltr'>iniit</span> <span class='ocrx_word' id='word_1_138' title='bbox 1106 2437 1202 2506; x_wconf 83' lang='lat' dir='ltr'>obla-</span> 
     </span>
     <span class='ocr_line' id='line_1_20' title="bbox 189 2553 1201 2646; baseline 0.002 -30"><span class='ocrx_word' id='word_1_139' title='bbox 189 2557 260 2636; x_wconf 80' lang='lat' dir='ltr'>tttm</span> <span class='ocrx_word' id='word_1_140' title='bbox 280 2575 418 2638; x_wconf 88' lang='lat' dir='ltr'>munus,</span> <span class='ocrx_word' id='word_1_141' title='bbox 438 2553 578 2642; x_wconf 81' lang='lat' dir='ltr'>latinam</span> <span class='ocrx_word' id='word_1_142' title='bbox 596 2557 777 2625; x_wconf 88' lang='lat' dir='ltr'>orationem</span> <span class='ocrx_word' id='word_1_143' title='bbox 798 2553 930 2646; x_wconf 84' lang='lat' dir='ltr'>publice</span> <span class='ocrx_word' id='word_1_144' title='bbox 949 2553 1080 2637; x_wconf 86' lang='lat' dir='ltr'>habuit,</span> <span class='ocrx_word' id='word_1_145' title='bbox 1100 2574 1201 2642; x_wconf 87' lang='lat' dir='ltr'>quam</span> 
     </span>
     <span class='ocr_line' id='line_1_21' title="bbox 188 2672 1200 2766; baseline 0.005 -32"><span class='ocrx_word' id='word_1_146' title='bbox 188 2685 303 2754; x_wconf 89' lang='lat' dir='ltr'>postea</span> <span class='ocrx_word' id='word_1_147' title='bbox 332 2672 457 2760; x_wconf 87' lang='lat' dir='ltr'>edidit,</span> <span class='ocrx_word' id='word_1_148' title='bbox 485 2675 613 2766; x_wconf 80' lang='lat' dir='ltr'>ingenii</span> <span class='ocrx_word' id='word_1_149' title='bbox 633 2675 722 2746; x_wconf 89' lang='lat' dir='ltr'>fama</span> <span class='ocrx_word' id='word_1_150' title='bbox 741 2678 923 2745; x_wconf 86' lang='lat' dir='ltr'>minorem.</span> <span class='ocrx_word' id='word_1_151' title='bbox 948 2677 1104 2745; x_wconf 87' lang='lat' dir='ltr'>Ceterum</span> <span class='ocrx_word' id='word_1_152' title='bbox 1123 2695 1200 2741; x_wconf 89' lang='lat' dir='ltr'>curu</span> 
     </span>
     <span class='ocr_line' id='line_1_22' title="bbox 125 2779 1206 2874; baseline 0.002 -26"><span class='ocrx_word' id='word_1_153' title='bbox 125 2827 127 2832; x_wconf 91' lang='lat'>-</span> <span class='ocrx_word' id='word_1_154' title='bbox 189 2779 287 2852; x_wconf 84' lang='lat' dir='ltr'>honis</span> <span class='ocrx_word' id='word_1_155' title='bbox 307 2787 450 2874; x_wconf 85' lang='lat' dir='ltr'>artibus,</span> <span class='ocrx_word' id='word_1_156' title='bbox 471 2805 540 2859; x_wconf 88' lang='lat' dir='ltr'>turn</span> <span class='ocrx_word' id='word_1_157' title='bbox 562 2790 656 2859; x_wconf 89' lang='lat' dir='ltr'>bonis</span> <span class='ocrx_word' id='word_1_158' title='bbox 677 2791 823 2860; x_wconf 86' lang='lat' dir='ltr'>moribus</span> <span class='ocrx_word' id='word_1_159' title='bbox 842 2789 1056 2860; x_wconf 87' lang='lat' dir='ltr'>imbuendam</span> <span class='ocrx_word' id='word_1_160' title='bbox 1076 2786 1206 2855; x_wconf 86' lang='lat' dir='ltr'>curavit</span> 
     </span>
     <span class='ocr_line' id='line_1_23' title="bbox 190 2894 1203 2996; baseline 0.007 -36"><span class='ocrx_word' id='word_1_161' title='bbox 190 2894 255 2963; x_wconf 87' lang='lat' dir='ltr'>sibi</span> <span class='ocrx_word' id='word_1_162' title='bbox 277 2900 431 2972; x_wconf 86' lang='lat' dir='ltr'>traditam</span> <span class='ocrx_word' id='word_1_163' title='bbox 458 2903 661 2996; x_wconf 84' lang='lat' dir='ltr'>juventutem</span> <span class='ocrx_word' id='word_1_164' title='bbox 689 2920 949 2974; x_wconf 85' lang='lat' dir='ltr'>succrescentem</span> <span class='ocrx_word' id='word_1_165' title='bbox 969 2905 1003 2970; x_wconf 93' lang='lat' dir='ltr'>in</span> <span class='ocrx_word' id='word_1_166' title='bbox 1023 2924 1118 2993; x_wconf 87' lang='lat' dir='ltr'>spem</span> <span class='ocrx_word' id='word_1_167' title='bbox 1138 2894 1203 2968; x_wconf 83' lang='lat' dir='ltr'>Ee-</span> 
     </span>
     <span class='ocr_line' id='line_1_24' title="bbox 191 3006 1205 3108; baseline 0.004 -32"><span class='ocrx_word' id='word_1_168' title='bbox 191 3006 332 3080; x_wconf 82' lang='lat' dir='ltr'>clssiae.</span> <span class='ocrx_word' id='word_1_169' title='bbox 351 3017 460 3108; x_wconf 84' lang='lat' dir='ltr'>Atque</span> <span class='ocrx_word' id='word_1_170' title='bbox 480 3017 606 3087; x_wconf 89' lang='lat' dir='ltr'>utinam</span> <span class='ocrx_word' id='word_1_171' title='bbox 636 3043 709 3088; x_wconf 84' lang='lat' dir='ltr'>eant</span> <span class='ocrx_word' id='word_1_172' title='bbox 738 3018 982 3102; x_wconf 82' lang='lat' dir='ltr'>valetudinem,</span> <span class='ocrx_word' id='word_1_173' title='bbox 1002 3039 1101 3108; x_wconf 89' lang='lat' dir='ltr'>quam</span> <span class='ocrx_word' id='word_1_174' title='bbox 1122 3016 1205 3083; x_wconf 88' lang='lat' dir='ltr'>satis</span> 
     </span>
     <span class='ocr_line' id='line_1_25' title="bbox 190 3135 1202 3223; baseline 0.009 -28"><span class='ocrx_word' id='word_1_175' title='bbox 190 3150 380 3219; x_wconf 80' lang='lat' dir='ltr'>prosperam</span> <span class='ocrx_word' id='word_1_176' title='bbox 402 3138 561 3206; x_wconf 82' lang='lat' dir='ltr'>Venetiae</span> <span class='ocrx_word' id='word_1_177' title='bbox 582 3139 712 3223; x_wconf 91' lang='lat' dir='ltr'>attulit,</span> <span class='ocrx_word' id='word_1_178' title='bbox 731 3163 795 3206; x_wconf 91' lang='lat' dir='ltr'>non</span> <span class='ocrx_word' id='word_1_179' title='bbox 821 3139 994 3210; x_wconf 81' lang='lat' dir='ltr'>vitiassent</span> <span class='ocrx_word' id='word_1_180' title='bbox 1016 3135 1202 3205; x_wconf 90' lang='lat' dir='ltr'>identidem</span> 
     </span>
     <span class='ocr_line' id='line_1_26' title="bbox 191 3243 1203 3345; baseline 0.011 -33"><span class='ocrx_word' id='word_1_181' title='bbox 191 3243 320 3316; x_wconf 76' lang='lat' dir='ltr'>febres!</span> <span class='ocrx_word' id='word_1_182' title='bbox 344 3253 383 3319; x_wconf 91' lang='lat' dir='ltr'>ld</span> <span class='ocrx_word' id='word_1_183' title='bbox 404 3255 559 3326; x_wconf 88' lang='lat' dir='ltr'>nimirum</span> <span class='ocrx_word' id='word_1_184' title='bbox 580 3259 614 3326; x_wconf 90' lang='lat' dir='ltr'>in</span> <span class='ocrx_word' id='word_1_185' title='bbox 634 3282 731 3328; x_wconf 88' lang='lat' dir='ltr'>eausa</span> <span class='ocrx_word' id='word_1_186' title='bbox 760 3255 821 3326; x_wconf 87' lang='lat' dir='ltr'>luit</span> <span class='ocrx_word' id='word_1_187' title='bbox 832 3311 842 3342; x_wconf 91' lang='lat'>,</span> <span class='ocrx_word' id='word_1_188' title='bbox 862 3281 919 3326; x_wconf 87' lang='lat' dir='ltr'>eur</span> <span class='ocrx_word' id='word_1_189' title='bbox 945 3255 1018 3325; x_wconf 79' lang='lat' dir='ltr'>noir</span> <span class='ocrx_word' id='word_1_190' title='bbox 1039 3255 1203 3345; x_wconf 87' lang='lat' dir='ltr'>potuerit,</span> 
     </span>
     <span class='ocr_line' id='line_1_27' title="bbox 194 3362 1207 3460; baseline 0.012 -33"><span class='ocrx_word' id='word_1_191' title='bbox 194 3383 257 3449; x_wconf 89' lang='lat' dir='ltr'>qua</span> <span class='ocrx_word' id='word_1_192' title='bbox 278 3362 434 3433; x_wconf 85' lang='lat' dir='ltr'>voluisset</span> <span class='ocrx_word' id='word_1_193' title='bbox 452 3371 660 3458; x_wconf 81' lang='lat' dir='ltr'>assiduitate,</span> <span class='ocrx_word' id='word_1_194' title='bbox 677 3372 824 3440; x_wconf 83' lang='lat' dir='ltr'>scholam</span> <span class='ocrx_word' id='word_1_195' title='bbox 845 3372 953 3454; x_wconf 89' lang='lat' dir='ltr'>adire,</span> <span class='ocrx_word' id='word_1_196' title='bbox 968 3386 1003 3440; x_wconf 91' lang='lat' dir='ltr'>et</span> <span class='ocrx_word' id='word_1_197' title='bbox 1018 3375 1111 3439; x_wconf 87' lang='lat' dir='ltr'>suam</span> <span class='ocrx_word' id='word_1_198' title='bbox 1130 3369 1207 3460; x_wconf 82' lang='lat' dir='ltr'>ope·</span> 
     </span>
     <span class='ocr_line' id='line_1_28' title="bbox 194 3475 1206 3573; baseline 0.012 -31"><span class='ocrx_word' id='word_1_199' title='bbox 194 3497 265 3544; x_wconf 84' lang='lat' dir='ltr'>rant</span> <span class='ocrx_word' id='word_1_200' title='bbox 289 3475 324 3544; x_wconf 91' lang='lat' dir='ltr'>in</span> <span class='ocrx_word' id='word_1_201' title='bbox 339 3493 406 3547; x_wconf 87' lang='lat' dir='ltr'>tarn</span> <span class='ocrx_word' id='word_1_202' title='bbox 424 3482 538 3550; x_wconf 91' lang='lat' dir='ltr'>utilem</span> <span class='ocrx_word' id='word_1_203' title='bbox 560 3506 629 3551; x_wconf 89' lang='lat' dir='ltr'>rem</span> <span class='ocrx_word' id='word_1_204' title='bbox 649 3484 859 3573; x_wconf 86' lang='lat' dir='ltr'>impendere.</span> <span class='ocrx_word' id='word_1_205' title='bbox 879 3482 1076 3572; x_wconf 83' lang='lat' dir='ltr'>Exeipiebat</span> <span class='ocrx_word' id='word_1_206' title='bbox 1094 3499 1206 3554; x_wconf 85' lang='lat' dir='ltr'>tamen</span> 
     </span>
     <span class='ocr_line' id='line_1_29' title="bbox 193 3591 1208 3694; baseline 0.014 -34"><span class='ocrx_word' id='word_1_207' title='bbox 193 3591 459 3686; x_wconf 88' lang='lat' dir='ltr'>discipulos,ubi</span> <span class='ocrx_word' id='word_1_208' title='bbox 480 3602 751 3687; x_wconf 82' lang='lat' dir='ltr'>accederent,rel</span> <span class='ocrx_word' id='word_1_209' title='bbox 767 3619 980 3694; x_wconf 81' lang='lat' dir='ltr'>aegrotus,et</span> <span class='ocrx_word' id='word_1_210' title='bbox 998 3627 1061 3694; x_wconf 89' lang='lat' dir='ltr'>qua</span> <span class='ocrx_word' id='word_1_211' title='bbox 1080 3606 1208 3674; x_wconf 85' lang='lat' dir='ltr'>ratione</span> 
     </span>
     <span class='ocr_line' id='line_1_30' title="bbox 193 3712 1206 3807; baseline 0.004 -27"><span class='ocrx_word' id='word_1_212' title='bbox 193 3728 341 3800; x_wconf 85' lang='lat' dir='ltr'>poterat,</span> <span class='ocrx_word' id='word_1_213' title='bbox 362 3712 482 3783; x_wconf 89' lang='lat' dir='ltr'>iisdem</span> <span class='ocrx_word' id='word_1_214' title='bbox 500 3715 632 3784; x_wconf 88' lang='lat' dir='ltr'>aderat.</span> <span class='ocrx_word' id='word_1_215' title='bbox 653 3717 864 3806; x_wconf 83' lang='lat' dir='ltr'>Quatnquam</span> <span class='ocrx_word' id='word_1_216' title='bbox 884 3715 947 3784; x_wconf 89' lang='lat' dir='ltr'>hoc</span> <span class='ocrx_word' id='word_1_217' title='bbox 965 3716 1100 3807; x_wconf 80' lang='lat' dir='ltr'>largiter</span> <span class='ocrx_word' id='word_1_218' title='bbox 1118 3741 1206 3785; x_wconf 89' lang='lat' dir='ltr'>com·</span> 
     </span>
     <span class='ocr_line' id='line_1_31' title="bbox 193 3814 1205 3926; baseline 0.001 -25"><span class='ocrx_word' id='word_1_219' title='bbox 193 3832 345 3922; x_wconf 86' lang='lat' dir='ltr'>pensavit</span> <span class='ocrx_word' id='word_1_220' title='bbox 365 3833 612 3902; x_wconf 90' lang='lat' dir='ltr'>incommodum</span> <span class='ocrx_word' id='word_1_221' title='bbox 635 3851 681 3908; x_wconf 92' lang='lat' dir='ltr'>tot</span> <span class='ocrx_word' id='word_1_222' title='bbox 701 3814 930 3926; x_wconf 89' lang='lat' dir='ltr'>pulcherrimis</span> <span class='ocrx_word' id='word_1_223' title='bbox 949 3834 1043 3904; x_wconf 90' lang='lat' dir='ltr'>libris</span> <span class='ocrx_word' id='word_1_224' title='bbox 1063 3834 1098 3902; x_wconf 91' lang='lat' dir='ltr'>in</span> <span class='ocrx_word' id='word_1_225' title='bbox 1118 3857 1205 3902; x_wconf 85' lang='lat' dir='ltr'>com·</span> 
     </span>
    </p>
   </div>
   <div class='ocr_carea' id='block_1_3' title="bbox 192 3945 1203 4132">
    <p class='ocr_par' dir='ltr' id='par_1_4' title="bbox 192 3945 1203 4132">
     <span class='ocr_line' id='line_1_32' title="bbox 192 3945 1203 4044; baseline 0.006 -32"><span class='ocrx_word' id='word_1_226' title='bbox 192 3967 292 4034; x_wconf 69' lang='lat' dir='ltr'>ruane</span> <span class='ocrx_word' id='word_1_227' title='bbox 310 3945 432 4016; x_wconf 87' lang='lat' dir='ltr'>bonum</span> <span class='ocrx_word' id='word_1_228' title='bbox 452 3947 605 4038; x_wconf 89' lang='lat' dir='ltr'>prolatis.</span> <span class='ocrx_word' id='word_1_229' title='bbox 626 3947 688 4018; x_wconf 89' lang='lat' dir='ltr'>His</span> <span class='ocrx_word' id='word_1_230' title='bbox 708 3973 773 4020; x_wconf 92' lang='lat' dir='ltr'>non</span> <span class='ocrx_word' id='word_1_231' title='bbox 792 3949 964 4042; x_wconf 87' lang='lat' dir='ltr'>discipulis</span> <span class='ocrx_word' id='word_1_232' title='bbox 985 3964 1111 4019; x_wconf 87' lang='lat' dir='ltr'>tanturn</span> <span class='ocrx_word' id='word_1_233' title='bbox 1129 3972 1203 4044; x_wconf 83' lang='lat' dir='ltr'>pro·</span> 
     </span>
     <span class='ocr_line' id='line_1_33' title="bbox 469 4060 514 4132; baseline 0 0"><span class='ocrx_word' id='word_1_234' title='bbox 469 4060 514 4132; x_wconf 79' lang='lat'>27.</span> 
     </span>
    </p>
   </div>
   <div class='ocr_carea' id='block_1_4' title="bbox 0 0 1640 4959">
    <p class='ocr_par' dir='ltr' id='par_1_5' title="bbox 0 0 1640 4959">
     <span class='ocr_line' id='line_1_34' title="bbox 0 0 1640 4959; baseline 0 0"><span class='ocrx_word' id='word_1_235' title='bbox 0 0 1640 4959; x_wconf 95' lang='lat' dir='ltr'> </span> 
     </span>
    </p>
   </div>
  </div>
 </body>
</html>
