<?xml version="1.0" encoding="UTF-8"?>
<!DOCTYPE html PUBLIC "-//W3C//DTD XHTML 1.0 Transitional//EN"
    "http://www.w3.org/TR/xhtml1/DTD/xhtml1-transitional.dtd">
<html xmlns="http://www.w3.org/1999/xhtml" xml:lang="en" lang="en">
 <head>
  <title>
</title>
<meta http-equiv="Content-Type" content="text/html;charset=utf-8" />
  <meta name='ocr-system' content='tesseract 3.04.00' />
  <meta name='ocr-capabilities' content='ocr_page ocr_carea ocr_par ocr_line ocrx_word'/>
</head>
<body>
  <div class='ocr_page' id='page_1' title='image "./vitaevirorumill00ferrgoog_0437.png"; bbox 0 0 3259 4959; ppageno 0'>
   <div class='ocr_carea' id='block_1_1' title="bbox 604 323 1256 421">
    <p class='ocr_par' dir='ltr' id='par_1_1' title="bbox 604 323 1256 421">
     <span class='ocr_line' id='line_1_1' title="bbox 604 323 1256 421; baseline -0.003 -16"><span class='ocrx_word' id='word_1_1' title='bbox 604 347 744 406; x_wconf 78' lang='lat' dir='ltr'>rasrnu</span> <span class='ocrx_word' id='word_1_2' title='bbox 766 349 900 405; x_wconf 71' lang='lat' dir='ltr'>retunt</span> <span class='ocrx_word' id='word_1_3' title='bbox 1187 323 1256 421; x_wconf 70' lang='grc'>589</span> 
     </span>
    </p>
   </div>
   <div class='ocr_carea' id='block_1_2' title="bbox 138 466 1257 2772">
    <p class='ocr_par' dir='ltr' id='par_1_2' title="bbox 138 466 1257 1479">
     <span class='ocr_line' id='line_1_2' title="bbox 241 466 1255 568; baseline -0.001 -23"><span class='ocrx_word' id='word_1_4' title='bbox 241 466 453 568; x_wconf 77' lang='lat' dir='ltr'>philosophos</span> <span class='ocrx_word' id='word_1_5' title='bbox 472 473 621 544; x_wconf 84' lang='lat' dir='ltr'>imitatus</span> <span class='ocrx_word' id='word_1_6' title='bbox 642 475 939 565; x_wconf 78' lang='lat' dir='ltr'>peregrinationem</span> <span class='ocrx_word' id='word_1_7' title='bbox 964 469 1125 562; x_wconf 73' lang='lat' dir='ltr'>suscepit,</span> <span class='ocrx_word' id='word_1_8' title='bbox 1139 472 1174 541; x_wconf 90' lang='lat' dir='ltr'>in</span> <span class='ocrx_word' id='word_1_9' title='bbox 1191 494 1255 564; x_wconf 79' lang='lat' dir='ltr'>qna</span> 
     </span>
     <span class='ocr_line' id='line_1_3' title="bbox 244 587 1257 679; baseline -0.003 -19"><span class='ocrx_word' id='word_1_10' title='bbox 244 591 396 660; x_wconf 77' lang='lat' dir='ltr'>corn-enit</span> <span class='ocrx_word' id='word_1_11' title='bbox 416 590 500 658; x_wconf 83' lang='lat' dir='ltr'>viros</span> <span class='ocrx_word' id='word_1_12' title='bbox 520 603 677 656; x_wconf 84' lang='lat' dir='ltr'><strong>astrorum</strong></span> <span class='ocrx_word' id='word_1_13' title='bbox 699 587 815 656; x_wconf 85' lang='lat' dir='ltr'>notitia</span> <span class='ocrx_word' id='word_1_14' title='bbox 837 588 1005 679; x_wconf 82' lang='lat' dir='ltr'>insigues.</span> <span class='ocrx_word' id='word_1_15' title='bbox 1025 587 1111 655; x_wconf 88' lang='lat' dir='ltr'>Curn</span> <span class='ocrx_word' id='word_1_16' title='bbox 1131 590 1183 656; x_wconf 88' lang='lat' dir='ltr'>his</span> <span class='ocrx_word' id='word_1_17' title='bbox 1205 592 1257 658; x_wconf 88' lang='lat' dir='ltr'>lit·</span> 
     </span>
     <span class='ocr_line' id='line_1_4' title="bbox 244 706 1254 798; baseline 0.004 -22"><span class='ocrx_word' id='word_1_18' title='bbox 244 709 397 778; x_wconf 82' lang='lat' dir='ltr'>terariaut</span> <span class='ocrx_word' id='word_1_19' title='bbox 415 709 492 777; x_wconf 92' lang='lat' dir='ltr'>iniit</span> <span class='ocrx_word' id='word_1_20' title='bbox 511 707 800 792; x_wconf 83' lang='lat' dir='ltr'>consuetudinem,</span> <span class='ocrx_word' id='word_1_21' title='bbox 825 731 908 798; x_wconf 84' lang='lat' dir='ltr'>qnae</span> <span class='ocrx_word' id='word_1_22' title='bbox 937 706 1047 776; x_wconf 85' lang='lat' dir='ltr'>eidem</span> <span class='ocrx_word' id='word_1_23' title='bbox 1076 709 1113 774; x_wconf 94' lang='lat' dir='ltr'>in</span> <span class='ocrx_word' id='word_1_24' title='bbox 1136 710 1254 798; x_wconf 82' lang='lat' dir='ltr'>primis</span> 
     </span>
     <span class='ocr_line' id='line_1_5' title="bbox 244 823 1256 917; baseline 0.001 -22"><span class='ocrx_word' id='word_1_25' title='bbox 244 829 354 895; x_wconf 88' lang='lat' dir='ltr'>utilis.</span> <span class='ocrx_word' id='word_1_26' title='bbox 376 831 461 896; x_wconf 70' lang='lat' dir='ltr'>&#39;l&#39;um</span> <span class='ocrx_word' id='word_1_27' title='bbox 481 827 675 895; x_wconf 84' lang='lat' dir='ltr'>celebriores</span> <span class='ocrx_word' id='word_1_28' title='bbox 695 823 809 896; x_wconf 85' lang='lat' dir='ltr'>inrisit</span> <span class='ocrx_word' id='word_1_29' title='bbox 828 827 947 894; x_wconf 88' lang='lat' dir='ltr'>Italiae</span> <span class='ocrx_word' id='word_1_30' title='bbox 966 828 1133 917; x_wconf 82' lang='lat' dir='ltr'>speculas,</span> <span class='ocrx_word' id='word_1_31' title='bbox 1146 851 1256 896; x_wconf 83' lang='lat' dir='ltr'>suam-</span> 
     </span>
     <span class='ocr_line' id='line_1_6' title="bbox 243 947 1255 1038; baseline -0.003 -21"><span class='ocrx_word' id='word_1_32' title='bbox 243 971 305 1038; x_wconf 91' lang='lat' dir='ltr'>que</span> <span class='ocrx_word' id='word_1_33' title='bbox 326 964 437 1038; x_wconf 85' lang='lat' dir='ltr'>postea</span> <span class='ocrx_word' id='word_1_34' title='bbox 456 948 581 1016; x_wconf 80' lang='lat' dir='ltr'>curavit</span> <span class='ocrx_word' id='word_1_35' title='bbox 599 949 641 1015; x_wconf 88' lang='lat' dir='ltr'>ad</span> <span class='ocrx_word' id='word_1_36' title='bbox 661 971 773 1015; x_wconf 84' lang='lat' dir='ltr'>earum</span> <span class='ocrx_word' id='word_1_37' title='bbox 799 969 947 1014; x_wconf 85' lang='lat' dir='ltr'>nonnam</span> <span class='ocrx_word' id='word_1_38' title='bbox 973 947 1109 1036; x_wconf 87' lang='lat' dir='ltr'>optimis</span> <span class='ocrx_word' id='word_1_39' title='bbox 1136 947 1255 1014; x_wconf 86' lang='lat' dir='ltr'>iustru-</span> 
     </span>
     <span class='ocr_line' id='line_1_7' title="bbox 241 1067 1255 1156; baseline -0.002 -19"><span class='ocrx_word' id='word_1_40' title='bbox 241 1067 362 1137; x_wconf 85' lang='lat' dir='ltr'>rnentis</span> <span class='ocrx_word' id='word_1_41' title='bbox 381 1067 561 1150; x_wconf 85' lang='lat' dir='ltr'>instruere,</span> <span class='ocrx_word' id='word_1_42' title='bbox 581 1091 665 1156; x_wconf 86' lang='lat' dir='ltr'>quae</span> <span class='ocrx_word' id='word_1_43' title='bbox 689 1067 881 1135; x_wconf 86' lang='lat' dir='ltr'>caelestium</span> <span class='ocrx_word' id='word_1_44' title='bbox 908 1085 1079 1156; x_wconf 85' lang='lat' dir='ltr'>corporum</span> <span class='ocrx_word' id='word_1_45' title='bbox 1109 1082 1255 1135; x_wconf 54' lang='lat' dir='ltr'>contem*</span> 
     </span>
     <span class='ocr_line' id='line_1_8' title="bbox 138 1179 1255 1276; baseline -0.005 -24"><span class='ocrx_word' id='word_1_46' title='bbox 138 1268 144 1276; x_wconf 31' lang='grc'>1</span> <span class='ocrx_word' id='word_1_47' title='bbox 243 1181 379 1274; x_wconf 83' lang='lat' dir='ltr'>plationi</span> <span class='ocrx_word' id='word_1_48' title='bbox 400 1180 600 1248; x_wconf 80' lang='lat' dir='ltr'>inserviunt.</span> <span class='ocrx_word' id='word_1_49' title='bbox 625 1181 728 1270; x_wconf 90' lang='lat' dir='ltr'>quue</span> <span class='ocrx_word' id='word_1_50' title='bbox 749 1179 882 1270; x_wconf 85' lang='lat' dir='ltr'>publiea</span> <span class='ocrx_word' id='word_1_51' title='bbox 902 1180 1124 1246; x_wconf 85' lang='lat' dir='ltr'>munificentia</span> <span class='ocrx_word' id='word_1_52' title='bbox 1150 1179 1255 1269; x_wconf 86' lang='lat' dir='ltr'>perle-</span> 
     </span>
     <span class='ocr_line' id='line_1_9' title="bbox 242 1293 1254 1384; baseline -0.002 -20"><span class='ocrx_word' id='word_1_53' title='bbox 242 1297 287 1364; x_wconf 89' lang='lat' dir='ltr'>cit</span> <span class='ocrx_word' id='word_1_54' title='bbox 308 1297 349 1363; x_wconf 86' lang='lat' dir='ltr'>ad</span> <span class='ocrx_word' id='word_1_55' title='bbox 368 1295 526 1363; x_wconf 81' lang='lat' dir='ltr'>scientiae</span> <span class='ocrx_word' id='word_1_56' title='bbox 554 1293 658 1384; x_wconf 85' lang='lat' dir='ltr'>ipsius</span> <span class='ocrx_word' id='word_1_57' title='bbox 686 1294 946 1377; x_wconf 84' lang='lat' dir='ltr'>incrementum,</span> <span class='ocrx_word' id='word_1_58' title='bbox 972 1309 1006 1360; x_wconf 84' lang='lat' dir='ltr'>et</span> <span class='ocrx_word' id='word_1_59' title='bbox 1033 1293 1254 1362; x_wconf 86' lang='lat' dir='ltr'>studiosorum</span> 
     </span>
     <span class='ocr_line' id='line_1_10' title="bbox 242 1408 439 1479; baseline -0.015 0"><span class='ocrx_word' id='word_1_60' title='bbox 242 1408 419 1479; x_wconf 82' lang='lat' dir='ltr'>utilitatem</span> <span class='ocrx_word' id='word_1_61' title='bbox 432 1461 439 1476; x_wconf 94' lang='lat'><em>.</em></span> 
     </span>
    </p>

    <p class='ocr_par' dir='ltr' id='par_1_3' title="bbox 235 1523 1254 2772">
     <span class='ocr_line' id='line_1_11' title="bbox 269 1523 1254 1616; baseline 0.001 -20"><span class='ocrx_word' id='word_1_62' title='bbox 269 1529 363 1596; x_wconf 83' lang='lat' dir='ltr'>Hanc</span> <span class='ocrx_word' id='word_1_63' title='bbox 382 1526 553 1616; x_wconf 85' lang='lat' dir='ltr'>spectabat</span> <span class='ocrx_word' id='word_1_64' title='bbox 571 1525 605 1593; x_wconf 91' lang='lat' dir='ltr'>in</span> <span class='ocrx_word' id='word_1_65' title='bbox 626 1526 779 1596; x_wconf 87' lang='lat' dir='ltr'>erunibus</span> <span class='ocrx_word' id='word_1_66' title='bbox 796 1526 940 1616; x_wconf 77' lang='lat' dir='ltr'>loseph,</span> <span class='ocrx_word' id='word_1_67' title='bbox 956 1523 998 1595; x_wconf 76' lang='lat' dir='ltr'>ed</span> <span class='ocrx_word' id='word_1_68' title='bbox 1014 1525 1099 1594; x_wconf 86' lang='lat' dir='ltr'>hanc</span> <span class='ocrx_word' id='word_1_69' title='bbox 1116 1527 1254 1598; x_wconf 79' lang='lat' dir='ltr'>consilis</span> 
     </span>
     <span class='ocr_line' id='line_1_12' title="bbox 241 1638 1254 1732; baseline 0.003 -24"><span class='ocrx_word' id='word_1_70' title='bbox 241 1665 298 1708; x_wconf 84' lang='lat' dir='ltr'>sun</span> <span class='ocrx_word' id='word_1_71' title='bbox 318 1638 498 1728; x_wconf 83' lang='lat' dir='ltr'>reler·ebat;</span> <span class='ocrx_word' id='word_1_72' title='bbox 519 1641 694 1732; x_wconf 84' lang='lat' dir='ltr'>praecipue</span> <span class='ocrx_word' id='word_1_73' title='bbox 715 1665 790 1710; x_wconf 89' lang='lat' dir='ltr'>vero</span> <span class='ocrx_word' id='word_1_74' title='bbox 816 1641 1085 1730; x_wconf 82' lang='lat' dir='ltr'>meteorologicas</span> <span class='ocrx_word' id='word_1_75' title='bbox 1099 1641 1254 1711; x_wconf 81' lang='lat' dir='ltr'>observa·-</span> 
     </span>
     <span class='ocr_line' id='line_1_13' title="bbox 244 1760 1253 1852; baseline 0.004 -25"><span class='ocrx_word' id='word_1_76' title='bbox 244 1760 369 1846; x_wconf 78' lang='lat' dir='ltr'>tiones,</span> <span class='ocrx_word' id='word_1_77' title='bbox 389 1761 507 1852; x_wconf 88' lang='lat' dir='ltr'>quibus</span> <span class='ocrx_word' id='word_1_78' title='bbox 527 1778 597 1830; x_wconf 85' lang='lat' dir='ltr'>erut</span> <span class='ocrx_word' id='word_1_79' title='bbox 615 1762 745 1831; x_wconf 79' lang='lat' dir='ltr'>assidue</span> <span class='ocrx_word' id='word_1_80' title='bbox 764 1763 927 1830; x_wconf 85' lang='lat' dir='ltr'>intentus.</span> <span class='ocrx_word' id='word_1_81' title='bbox 958 1761 1127 1831; x_wconf 85' lang='lat' dir='ltr'>Nimirum</span> <span class='ocrx_word' id='word_1_82' title='bbox 1156 1778 1253 1849; x_wconf 49' lang='lat' dir='ltr'>puta*</span> 
     </span>
     <span class='ocr_line' id='line_1_14' title="bbox 243 1876 1251 1972; baseline 0.001 -26"><span class='ocrx_word' id='word_1_83' title='bbox 243 1876 378 1948; x_wconf 85' lang='lat' dir='ltr'>batille</span> <span class='ocrx_word' id='word_1_84' title='bbox 398 1879 431 1948; x_wconf 89' lang='lat' dir='ltr'>in</span> <span class='ocrx_word' id='word_1_85' title='bbox 453 1895 566 1948; x_wconf 84' lang='lat' dir='ltr'>nutura</span> <span class='ocrx_word' id='word_1_86' title='bbox 591 1879 663 1968; x_wconf 87' lang='lat' dir='ltr'>ipsa</span> <span class='ocrx_word' id='word_1_87' title='bbox 691 1880 953 1972; x_wconf 81' lang='lat' dir='ltr'>investigandam</span> <span class='ocrx_word' id='word_1_88' title='bbox 983 1899 1055 1948; x_wconf 85' lang='lat' dir='ltr'>esse</span> <span class='ocrx_word' id='word_1_89' title='bbox 1078 1895 1251 1970; x_wconf 85' lang='lat' dir='ltr'>naturam,</span> 
     </span>
     <span class='ocr_line' id='line_1_15' title="bbox 239 1995 1251 2086; baseline 0.001 -24"><span class='ocrx_word' id='word_1_90' title='bbox 239 2019 299 2064; x_wconf 90' lang='lat' dir='ltr'>nec</span> <span class='ocrx_word' id='word_1_91' title='bbox 319 1995 516 2064; x_wconf 85' lang='lat' dir='ltr'>audiendam</span> <span class='ocrx_word' id='word_1_92' title='bbox 538 2011 684 2080; x_wconf 85' lang='lat' dir='ltr'>tanturn,</span> <span class='ocrx_word' id='word_1_93' title='bbox 700 2021 774 2064; x_wconf 89' lang='lat' dir='ltr'>curn</span> <span class='ocrx_word' id='word_1_94' title='bbox 794 1998 879 2065; x_wconf 87' lang='lat' dir='ltr'>ultro</span> <span class='ocrx_word' id='word_1_95' title='bbox 898 1996 1057 2086; x_wconf 89' lang='lat' dir='ltr'>loquitur,</span> <span class='ocrx_word' id='word_1_96' title='bbox 1074 1995 1132 2062; x_wconf 88' lang='lat' dir='ltr'>sed</span> <span class='ocrx_word' id='word_1_97' title='bbox 1151 2017 1251 2085; x_wconf 85' lang='lat' dir='ltr'>saepe</span> 
     </span>
     <span class='ocr_line' id='line_1_16' title="bbox 240 2107 1250 2198; baseline -0.002 -20"><span class='ocrx_word' id='word_1_98' title='bbox 240 2107 371 2198; x_wconf 79' lang='lat' dir='ltr'>saepius</span> <span class='ocrx_word' id='word_1_99' title='bbox 390 2109 671 2198; x_wconf 78' lang='lat' dir='ltr'>interrogandam,</span> <span class='ocrx_word' id='word_1_100' title='bbox 694 2125 729 2176; x_wconf 90' lang='lat' dir='ltr'>ut</span> <span class='ocrx_word' id='word_1_101' title='bbox 749 2109 800 2176; x_wconf 83' lang='lat' dir='ltr'>vel</span> <span class='ocrx_word' id='word_1_102' title='bbox 819 2109 923 2175; x_wconf 83' lang='lat' dir='ltr'>invita</span> <span class='ocrx_word' id='word_1_103' title='bbox 944 2109 1113 2198; x_wconf 86' lang='lat' dir='ltr'>loquatur.</span> <span class='ocrx_word' id='word_1_104' title='bbox 1139 2111 1250 2197; x_wconf 84' lang='lat' dir='ltr'>Quare</span> 
     </span>
     <span class='ocr_line' id='line_1_17' title="bbox 239 2219 1249 2312; baseline 0 -24"><span class='ocrx_word' id='word_1_105' title='bbox 239 2223 348 2289; x_wconf 89' lang='lat' dir='ltr'>eidem</span> <span class='ocrx_word' id='word_1_106' title='bbox 368 2238 526 2310; x_wconf 88' lang='lat' dir='ltr'>perpetuo</span> <span class='ocrx_word' id='word_1_107' title='bbox 545 2219 709 2304; x_wconf 82' lang='lat' dir='ltr'>instabat,</span> <span class='ocrx_word' id='word_1_108' title='bbox 729 2221 882 2289; x_wconf 83' lang='lat' dir='ltr'>eamdem</span> <span class='ocrx_word' id='word_1_109' title='bbox 901 2243 960 2309; x_wconf 87' lang='lat' dir='ltr'>per</span> <span class='ocrx_word' id='word_1_110' title='bbox 980 2219 1167 2312; x_wconf 84' lang='lat' dir='ltr'>hujusmodi</span> <span class='ocrx_word' id='word_1_111' title='bbox 1188 2221 1249 2288; x_wconf 57' lang='lat' dir='ltr'>olrae</span> 
     </span>
     <span class='ocr_line' id='line_1_18' title="bbox 235 2338 1246 2432; baseline 0.001 -27"><span class='ocrx_word' id='word_1_112' title='bbox 235 2340 436 2405; x_wconf 83' lang='lat' dir='ltr'>servatiorres</span> <span class='ocrx_word' id='word_1_113' title='bbox 463 2338 647 2406; x_wconf 87' lang='lat' dir='ltr'>identidem</span> <span class='ocrx_word' id='word_1_114' title='bbox 676 2342 833 2429; x_wconf 84' lang='lat' dir='ltr'>repetitas</span> <span class='ocrx_word' id='word_1_115' title='bbox 864 2341 950 2423; x_wconf 83' lang='lat' dir='ltr'>sibi,</span> <span class='ocrx_word' id='word_1_116' title='bbox 978 2356 1015 2407; x_wconf 91' lang='lat' dir='ltr'>ut</span> <span class='ocrx_word' id='word_1_117' title='bbox 1042 2340 1090 2407; x_wconf 85' lang='lat' dir='ltr'>ita</span> <span class='ocrx_word' id='word_1_118' title='bbox 1116 2339 1246 2432; x_wconf 78' lang='lat' dir='ltr'>dicam,</span> 
     </span>
     <span class='ocr_line' id='line_1_19' title="bbox 235 2451 1247 2544; baseline 0.001 -26"><span class='ocrx_word' id='word_1_119' title='bbox 235 2452 372 2544; x_wconf 79' lang='lat' dir='ltr'>cogebat</span> <span class='ocrx_word' id='word_1_120' title='bbox 399 2453 621 2542; x_wconf 79' lang='lat' dir='ltr'>respondere,</span> <span class='ocrx_word' id='word_1_121' title='bbox 649 2469 683 2520; x_wconf 88' lang='lat' dir='ltr'>et</span> <span class='ocrx_word' id='word_1_122' title='bbox 712 2475 828 2522; x_wconf 85' lang='lat' dir='ltr'>areana</span> <span class='ocrx_word' id='word_1_123' title='bbox 853 2477 910 2522; x_wconf 82' lang='lat' dir='ltr'>sus</span> <span class='ocrx_word' id='word_1_124' title='bbox 935 2451 1117 2542; x_wconf 76' lang='lat' dir='ltr'>patefacere</span> <span class='ocrx_word' id='word_1_125' title='bbox 1140 2495 1148 2521; x_wconf 59' lang='lat' dir='ltr'>r</span> <span class='ocrx_word' id='word_1_126' title='bbox 1173 2456 1247 2542; x_wconf 80' lang='lat' dir='ltr'>Qus</span> 
     </span>
     <span class='ocr_line' id='line_1_20' title="bbox 237 2565 1250 2657; baseline 0 -27"><span class='ocrx_word' id='word_1_127' title='bbox 237 2588 302 2632; x_wconf 92' lang='lat' dir='ltr'>non</span> <span class='ocrx_word' id='word_1_128' title='bbox 322 2568 464 2657; x_wconf 81' lang='lat' dir='ltr'>pervasit</span> <span class='ocrx_word' id='word_1_129' title='bbox 484 2566 573 2644; x_wconf 83' lang='lat' dir='ltr'>illius</span> <span class='ocrx_word' id='word_1_130' title='bbox 596 2566 785 2636; x_wconf 82' lang='lat' dir='ltr'>curiositas!</span> <span class='ocrx_word' id='word_1_131' title='bbox 816 2565 939 2636; x_wconf 85' lang='lat' dir='ltr'>Solitus</span> <span class='ocrx_word' id='word_1_132' title='bbox 968 2584 1037 2636; x_wconf 82' lang='lat' dir='ltr'>erut</span> <span class='ocrx_word' id='word_1_133' title='bbox 1065 2566 1177 2634; x_wconf 85' lang='lat' dir='ltr'>omnia</span> <span class='ocrx_word' id='word_1_134' title='bbox 1195 2565 1250 2631; x_wconf 81' lang='lat' dir='ltr'>in·-</span> 
     </span>
     <span class='ocr_line' id='line_1_21' title="bbox 241 2677 1247 2772; baseline 0.007 -25"><span class='ocrx_word' id='word_1_135' title='bbox 241 2677 379 2772; x_wconf 83' lang='lat' dir='ltr'>dugare,</span> <span class='ocrx_word' id='word_1_136' title='bbox 400 2680 532 2763; x_wconf 85' lang='lat' dir='ltr'>rirnsri,</span> <span class='ocrx_word' id='word_1_137' title='bbox 553 2680 734 2769; x_wconf 84' lang='lat' dir='ltr'>inquirere.</span> <span class='ocrx_word' id='word_1_138' title='bbox 759 2683 917 2767; x_wconf 80' lang='lat' dir='ltr'>Caelum,</span> <span class='ocrx_word' id='word_1_139' title='bbox 937 2706 1011 2767; x_wconf 87' lang='lat' dir='ltr'>aer,·</span> <span class='ocrx_word' id='word_1_140' title='bbox 1032 2700 1136 2766; x_wconf 76' lang='lat' dir='ltr'>terra,</span> <span class='ocrx_word' id='word_1_141' title='bbox 1155 2707 1247 2754; x_wconf 79' lang='lat' dir='ltr'>marc</span> 
     </span>
    </p>
   </div>
   <div class='ocr_carea' id='block_1_3' title="bbox 236 2800 1246 2898">
    <p class='ocr_par' dir='ltr' id='par_1_4' title="bbox 236 2800 1246 2898">
     <span class='ocr_line' id='line_1_22' title="bbox 236 2800 1246 2898; baseline 0.009 -31"><span class='ocrx_word' id='word_1_142' title='bbox 236 2815 330 2868; x_wconf 81' lang='lat' dir='ltr'>eraut</span> <span class='ocrx_word' id='word_1_143' title='bbox 349 2800 440 2890; x_wconf 82' lang='lat' dir='ltr'>qnasi</span> <span class='ocrx_word' id='word_1_144' title='bbox 462 2801 621 2892; x_wconf 82' lang='lat' dir='ltr'>quaedam</span> <span class='ocrx_word' id='word_1_145' title='bbox 644 2801 769 2870; x_wconf 81' lang='lat' dir='ltr'>theatra</span> <span class='ocrx_word' id='word_1_146' title='bbox 789 2801 861 2895; x_wconf 81' lang='lat' dir='ltr'>ejus</span> <span class='ocrx_word' id='word_1_147' title='bbox 884 2803 1154 2894; x_wconf 80' lang='lat' dir='ltr'>contemplationi</span> <span class='ocrx_word' id='word_1_148' title='bbox 1169 2830 1246 2898; x_wconf 77' lang='lat' dir='ltr'>pro-</span> 
     </span>
    </p>
   </div>
   <div class='ocr_carea' id='block_1_4' title="bbox 578 2999 907 3037">
    <p class='ocr_par' dir='ltr' id='par_1_5' title="bbox 578 2999 907 3037">
     <span class='ocr_line' id='line_1_23' title="bbox 578 2999 907 3037; baseline 0.006 -2"><span class='ocrx_word' id='word_1_149' title='bbox 578 2999 907 3037; x_wconf 60' lang='lat' dir='ltr'>sesmwsueumism</span> 
     </span>
    </p>
   </div>
   <div class='ocr_carea' id='block_1_5' title="bbox 235 3125 1248 3428">
    <p class='ocr_par' dir='ltr' id='par_1_6' title="bbox 235 3125 1248 3428">
     <span class='ocr_line' id='line_1_24' title="bbox 238 3125 1248 3225; baseline 0.007 -28"><span class='ocrx_word' id='word_1_150' title='bbox 238 3125 440 3220; x_wconf 75' lang='lat' dir='ltr'>expoliendus.</span> <span class='ocrx_word' id='word_1_151' title='bbox 456 3128 537 3196; x_wconf 89' lang='lat' dir='ltr'>Dein</span> <span class='ocrx_word' id='word_1_152' title='bbox 555 3129 621 3196; x_wconf 88' lang='lat' dir='ltr'>hinc</span> <span class='ocrx_word' id='word_1_153' title='bbox 641 3136 773 3198; x_wconf 81' lang='lat' dir='ltr'>discessit</span> <span class='ocrx_word' id='word_1_154' title='bbox 784 3154 829 3213; x_wconf 88' lang='lat' dir='ltr'>‚et</span> <span class='ocrx_word' id='word_1_155' title='bbox 839 3139 1054 3200; x_wconf 76' lang='lat' dir='ltr'>architecturam·</span> <span class='ocrx_word' id='word_1_156' title='bbox 1071 3134 1182 3204; x_wconf 73' lang='lat' dir='ltr'>Patavii</span> <span class='ocrx_word' id='word_1_157' title='bbox 1193 3164 1248 3225; x_wconf 85' lang='lat' dir='ltr'>pu·</span> 
     </span>
     <span class='ocr_line' id='line_1_25' title="bbox 237 3237 1248 3322; baseline 0.013 -26"><span class='ocrx_word' id='word_1_158' title='bbox 237 3237 313 3299; x_wconf 85' lang='lat' dir='ltr'>bliee</span> <span class='ocrx_word' id='word_1_159' title='bbox 334 3239 507 3318; x_wconf 82' lang='lat' dir='ltr'>aliquamdiu</span> <span class='ocrx_word' id='word_1_160' title='bbox 527 3241 670 3322; x_wconf 78' lang='lat' dir='ltr'>professus</span> <span class='ocrx_word' id='word_1_161' title='bbox 691 3256 733 3300; x_wconf 86' lang='lat' dir='ltr'>est</span> <span class='ocrx_word' id='word_1_162' title='bbox 755 3255 870 3302; x_wconf 82' lang='lat' dir='ltr'>senatus</span> <span class='ocrx_word' id='word_1_163' title='bbox 885 3245 981 3303; x_wconf 77' lang='lat' dir='ltr'>veneti</span> <span class='ocrx_word' id='word_1_164' title='bbox 995 3243 1122 3306; x_wconf 59' lang='lat' dir='ltr'>decretor</span> <span class='ocrx_word' id='word_1_165' title='bbox 1137 3247 1248 3310; x_wconf 83' lang='lat' dir='ltr'>Ibidem</span> 
     </span>
     <span class='ocr_line' id='line_1_26' title="bbox 235 3333 1245 3428; baseline 0.012 -26"><span class='ocrx_word' id='word_1_166' title='bbox 235 3359 302 3402; x_wconf 76' lang='lat' dir='ltr'>eun.</span> <span class='ocrx_word' id='word_1_167' title='bbox 327 3347 401 3422; x_wconf 81' lang='lat'>1784</span> <span class='ocrx_word' id='word_1_168' title='bbox 422 3344 552 3408; x_wconf 79' lang='lat' dir='ltr'>Peuetlse</span> <span class='ocrx_word' id='word_1_169' title='bbox 570 3345 644 3426; x_wconf 85' lang='lat' dir='ltr'>typis</span> <span class='ocrx_word' id='word_1_170' title='bbox 655 3333 758 3404; x_wconf 76' lang='lat' dir='ltr'>lrlrruur</span> <span class='ocrx_word' id='word_1_171' title='bbox 772 3339 864 3405; x_wconf 86' lang='lat' dir='ltr'>edidit</span> <span class='ocrx_word' id='word_1_172' title='bbox 884 3349 925 3406; x_wconf 84' lang='lat' dir='ltr'>sic</span> <span class='ocrx_word' id='word_1_173' title='bbox 937 3348 1105 3428; x_wconf 81' lang='lat' dir='ltr'>inscriptum</span> <span class='ocrx_word' id='word_1_174' title='bbox 1117 3361 1125 3409; x_wconf 73' lang='grc' dir='ltr'>τ’</span> <span class='ocrx_word' id='word_1_175' title='bbox 1136 3373 1153 3410; x_wconf 82' lang='lat' dir='ltr'>u</span> <span class='ocrx_word' id='word_1_176' title='bbox 1164 3351 1245 3413; x_wconf 66' lang='lat' dir='ltr'>Nun</span> 
     </span>
    </p>
   </div>
   <div class='ocr_carea' id='block_1_6' title="bbox 230 3441 1245 4064">
    <p class='ocr_par' dir='ltr' id='par_1_7' title="bbox 230 3441 1245 4064">
     <span class='ocr_line' id='line_1_27' title="bbox 232 3441 1245 3534; baseline 0.009 -21"><span class='ocrx_word' id='word_1_177' title='bbox 232 3467 249 3513; x_wconf 68' lang='lat' dir='ltr'>r</span> <span class='ocrx_word' id='word_1_178' title='bbox 274 3471 310 3510; x_wconf 89' lang='lat' dir='ltr'>vo</span> <span class='ocrx_word' id='word_1_179' title='bbox 337 3441 449 3508; x_wconf 80' lang='lat' dir='ltr'>melodo</span> <span class='ocrx_word' id='word_1_180' title='bbox 477 3471 527 3530; x_wconf 86' lang='lat' dir='ltr'>per</span> <span class='ocrx_word' id='word_1_181' title='bbox 555 3444 703 3532; x_wconf 83' lang='lat' dir='ltr'>disegnare</span> <span class='ocrx_word' id='word_1_182' title='bbox 723 3443 744 3511; x_wconf 91' lang='lat' dir='ltr'>li</span> <span class='ocrx_word' id='word_1_183' title='bbox 766 3453 868 3534; x_wconf 87' lang='lat' dir='ltr'>cinque</span> <span class='ocrx_word' id='word_1_184' title='bbox 888 3454 981 3512; x_wconf 86' lang='lat' dir='ltr'>ordini</span> <span class='ocrx_word' id='word_1_185' title='bbox 1008 3453 1038 3512; x_wconf 89' lang='lat' dir='ltr'>di</span> <span class='ocrx_word' id='word_1_186' title='bbox 1062 3454 1245 3523; x_wconf 81' lang='lat' dir='ltr'>architettura</span> 
     </span>
     <span class='ocr_line' id='line_1_28' title="bbox 233 3550 1245 3639; baseline 0.005 -18"><span class='ocrx_word' id='word_1_187' title='bbox 233 3581 250 3621; x_wconf 76' lang='lat'>5&gt;</span> <span class='ocrx_word' id='word_1_188' title='bbox 273 3550 358 3620; x_wconf 84' lang='lat' dir='ltr'>civile</span> <span class='ocrx_word' id='word_1_189' title='bbox 379 3557 521 3618; x_wconf 79' lang='lat' dir='ltr'>conforme</span> <span class='ocrx_word' id='word_1_190' title='bbox 549 3550 576 3616; x_wconf 90' lang='lat' dir='ltr'>le</span> <span class='ocrx_word' id='word_1_191' title='bbox 606 3559 701 3639; x_wconf 75' lang='lat' dir='ltr'>regule</span> <span class='ocrx_word' id='word_1_192' title='bbox 729 3552 759 3618; x_wconf 90' lang='lat' dir='ltr'>di</span> <span class='ocrx_word' id='word_1_193' title='bbox 786 3560 902 3621; x_wconf 80' lang='lat' dir='ltr'>Andrca</span> <span class='ocrx_word' id='word_1_194' title='bbox 922 3556 1086 3623; x_wconf 74' lang='lat' dir='ltr'>Palladiae</span> <span class='ocrx_word' id='word_1_195' title='bbox 1117 3558 1245 3639; x_wconf 79' lang='lat' dir='ltr'>Vicenzo</span> 
     </span>
     <span class='ocr_line' id='line_1_29' title="bbox 232 3659 1244 3754; baseline 0.001 -23"><span class='ocrx_word' id='word_1_196' title='bbox 232 3687 249 3732; x_wconf 73' lang='lat' dir='ltr'>st</span> <span class='ocrx_word' id='word_1_197' title='bbox 271 3667 415 3730; x_wconf 82' lang='lat' dir='ltr'>Scamozzi</span> <span class='ocrx_word' id='word_1_198' title='bbox 425 3711 433 3739; x_wconf 87' lang='lat'>,</span> <span class='ocrx_word' id='word_1_199' title='bbox 445 3659 480 3725; x_wconf 86' lang='lat' dir='ltr'>ed</span> <span class='ocrx_word' id='word_1_200' title='bbox 495 3663 593 3725; x_wconf 82' lang='lat' dir='ltr'>sleuuc</span> <span class='ocrx_word' id='word_1_201' title='bbox 610 3665 698 3748; x_wconf 82' lang='lat' dir='ltr'>figure</span> <span class='ocrx_word' id='word_1_202' title='bbox 715 3665 744 3724; x_wconf 81' lang='lat' dir='ltr'>di</span> <span class='ocrx_word' id='word_1_203' title='bbox 760 3669 910 3747; x_wconf 78' lang='lat' dir='ltr'>geometria</span> <span class='ocrx_word' id='word_1_204' title='bbox 927 3669 1032 3750; x_wconf 80' lang='lat' dir='ltr'>pralicn</span> <span class='ocrx_word' id='word_1_205' title='bbox 1044 3683 1094 3754; x_wconf 87' lang='lat' dir='ltr'>per</span> <span class='ocrx_word' id='word_1_206' title='bbox 1105 3694 1156 3731; x_wconf 89' lang='lat' dir='ltr'>nso</span> <span class='ocrx_word' id='word_1_207' title='bbox 1168 3671 1244 3734; x_wconf 77' lang='lat' dir='ltr'>della</span> 
     </span>
     <span class='ocr_line' id='line_1_30' title="bbox 232 3761 1242 3854; baseline 0.008 -26"><span class='ocrx_word' id='word_1_208' title='bbox 232 3791 249 3836; x_wconf 71' lang='lat' dir='ltr'>s&gt;</span> <span class='ocrx_word' id='word_1_209' title='bbox 271 3761 407 3854; x_wconf 75' lang='lat' dir='ltr'>pubblics</span> <span class='ocrx_word' id='word_1_210' title='bbox 423 3768 520 3830; x_wconf 81' lang='lat' dir='ltr'>scuols</span> <span class='ocrx_word' id='word_1_211' title='bbox 540 3767 571 3829; x_wconf 89' lang='lat' dir='ltr'>di</span> <span class='ocrx_word' id='word_1_212' title='bbox 591 3769 774 3830; x_wconf 81' lang='lat' dir='ltr'>architettura</span> <span class='ocrx_word' id='word_1_213' title='bbox 794 3771 916 3832; x_wconf 84' lang='lat' dir='ltr'>istituite</span> <span class='ocrx_word' id='word_1_214' title='bbox 943 3773 973 3833; x_wconf 92' lang='lat' dir='ltr'>iu</span> <span class='ocrx_word' id='word_1_215' title='bbox 991 3772 1106 3835; x_wconf 81' lang='lat' dir='ltr'>Padova</span> <span class='ocrx_word' id='word_1_216' title='bbox 1135 3771 1242 3836; x_wconf 70' lang='lat' dir='ltr'>l‘anuc</span> 
     </span>
     <span class='ocr_line' id='line_1_31' title="bbox 230 3873 1243 3960; baseline 0 -23"><span class='ocrx_word' id='word_1_217' title='bbox 230 3889 247 3937; x_wconf 73' lang='lat' dir='ltr'>tt</span> <span class='ocrx_word' id='word_1_218' title='bbox 275 3893 375 3957; x_wconf 67' lang='lat'><strong>1771»</strong></span> <span class='ocrx_word' id='word_1_219' title='bbox 393 3918 399 3933; x_wconf 90' lang='lat'><em>.</em></span> <span class='ocrx_word' id='word_1_220' title='bbox 420 3875 507 3933; x_wconf 81' lang='lat' dir='ltr'>Anno</span> <span class='ocrx_word' id='word_1_221' title='bbox 530 3894 603 3955; x_wconf 83' lang='lat'><strong>1792</strong></span> <span class='ocrx_word' id='word_1_222' title='bbox 624 3873 695 3936; x_wconf 85' lang='lat' dir='ltr'>obiit</span> <span class='ocrx_word' id='word_1_223' title='bbox 714 3874 767 3936; x_wconf 84' lang='lat' dir='ltr'>hac</span> <span class='ocrx_word' id='word_1_224' title='bbox 788 3875 902 3958; x_wconf 76' lang='lat' dir='ltr'>ipsein</span> <span class='ocrx_word' id='word_1_225' title='bbox 921 3875 1007 3937; x_wconf 82' lang='lat' dir='ltr'>urhe.</span> <span class='ocrx_word' id='word_1_226' title='bbox 1024 3875 1136 3960; x_wconf 84' lang='lat' dir='ltr'>Corpus</span> <span class='ocrx_word' id='word_1_227' title='bbox 1150 3877 1182 3937; x_wconf 89' lang='lat' dir='ltr'>in</span> <span class='ocrx_word' id='word_1_228' title='bbox 1194 3895 1243 3937; x_wconf 51' lang='lat' dir='ltr'>cce.</span> 
     </span>
     <span class='ocr_line' id='line_1_32' title="bbox 231 3974 845 4064; baseline 0.003 -20"><span class='ocrx_word' id='word_1_229' title='bbox 231 3983 318 4044; x_wconf 79' lang='lat' dir='ltr'>cleris</span> <span class='ocrx_word' id='word_1_230' title='bbox 340 3984 372 4046; x_wconf 77' lang='lat' dir='ltr'>S.</span> <span class='ocrx_word' id='word_1_231' title='bbox 394 3981 547 4044; x_wconf 76' lang='lat' dir='ltr'>Michaelis</span> <span class='ocrx_word' id='word_1_232' title='bbox 565 3974 640 4064; x_wconf 79' lang='lat' dir='ltr'>jacet</span> <span class='ocrx_word' id='word_1_233' title='bbox 657 3985 718 4044; x_wconf 77' lang='lat' dir='ltr'>sine</span> <span class='ocrx_word' id='word_1_234' title='bbox 740 3985 845 4046; x_wconf 77' lang='lat' dir='ltr'>titulo.</span> 
     </span>
    </p>
   </div>
   <div class='ocr_carea' id='block_1_7' title="bbox 0 0 1634 4959">
    <p class='ocr_par' dir='ltr' id='par_1_8' title="bbox 0 0 1634 4959">
     <span class='ocr_line' id='line_1_33' title="bbox 0 0 1634 4959; baseline 0 1"><span class='ocrx_word' id='word_1_235' title='bbox 0 0 1634 4959; x_wconf 95' lang='lat' dir='ltr'> </span> 
     </span>
    </p>
   </div>
  </div>
 </body>
</html>
