3259 4959
416 325 485 419 538.
898 335 984 412 cns

418 470 614 563 singillatim
637 468 786 564 ordinent
806 489 939 560 serram
966 480 1156 556 temporem
1172 486 1278 556 usqne
1294 464 1338 536 ad
1361 491 1446 551 (ιο,

418 593 530 662 culum
554 605 745 682 quartum
741 586 936 682 decimum.
965 582 1073 682 diiert
1098 584 1203 675 etiam
1231 589 1443 680 apqcrypltas

419 723 454 776 et
481 704 745 799 commentitias,
777 725 818 796 ne
835 701 889 794 cui
908 699 944 769 in
936 715 1132 810 posterum
1151 696 1266 793 fucum
1291 700 1441 796 iaciant.

422 822 496 894 Nec
515 819 598 890 alias
592 817 767 914 praeterit
783 813 1031 920 inscriptiones,
1045 787 1217 907 ltelrrnicas
1229 815 1372 910 scilcet,
1385 841 1443 888 ae,

423 943 573 1044 gyptias,
593 936 765 1026 arabicam
785 958 891 1027 neque
919 951 1058 1025 protypa
1076 934 1118 1026 ad
1137 934 1369 1024 exprimendas
1386 937 1443 1006 hi·

424 1055 559 1140 storias,
568 1053 711 1150 theatra,
720 1075 811 1140 arcus
825 1042 1442 1146 triumpliales·instructa31tademum

424 1168 682 1260 disputationem
708 1164 893 1258 concludier
920 1163 1057 1252 Voluit,
1080 1163 1209 1255 inquit,
1238 1161 1440 1258 jampridem

423 1273 555 1354 Tullius
574 1295 788 1368 monumenta
807 1277 874 1372 sibi
892 1277 928 1370 iu
954 1277 1137 1370 Academia
1154 1259 1369 1368 constituere.
1393 1282 1444 1372 At

335 1447 337 1452 ·
424 1399 488 1492 hoc
505 1402 656 1494 rnu'seum
676 1395 785 1492 ipsum
804 1392 992 1487 veronensis
1019 1393 1221 1464 Academiae
1243 1417 1441 1464 monumen·

357 1527 359 1532 '
427 1533 497 1614 tum
518 1520 581 1614 erit
599 1518 649 1614 sui
671 1515 811 1606 auctoris
831 1513 958 1604 nemim
947 1513 1270 1603 gloriosissimum.

477 1607 564 1705 Huic
592 1635 738 1706 annectit
768 1635 905 1730 alteram
924 1631 1210 1722 dissertationem,
1228 1655 1328 1746 quam
1344 1631 1442 1758 paulq

428 1763 505 1818 ante
530 1725 689 1844 indicati,
705 1721 834 1841 scilicet
862 1749 904 1845 de
933 1747 1152 1842 pulcritudine
1170 1771 1306 1841 graecae
1332 1745 1439 1840 cujus-

429 1831 537 1958 dam
503 1861 753 1976 inscriptionis
772 1836 938 1958 ineditae,
964 1862 1022 1934 ubi
1040 1887 1106 1934 uon
1124 1862 1290 1957 eruditam
1313 1877 1439 1955 tantum

429 2002 468 2075 se
492 1949 625 2068 prodit,
651 1977 710 2065 sed
733 1992 767 2046 et
791 1975 1041 2069 philosophum.
1058 1982 1109 2050 Ao
1127 1979 1170 2048 de
1187 1977 1246 2066 illa
1263 1951 1300 2047 in
1322 1944 1441 2068 primis

343 2157 348 2168 .
433 2095 581 2186 disputat
607 2079 848 2190 pulcritudine,
867 2116 951 2187 quae
976 2092 1194 2186 aequabiliter
1215 2091 1288 2187 fusa
1304 2092 1447 2184 cernitur

434 2209 471 2306 in
491 2201 638 2304 quolibet
657 2223 791 2279 naturae
809 2231 932 2304 opere3
950 2201 1082 2299 tumsde
1099 2207 1178 2303 illa,
1196 2232 1296 2302 quam
1319 2204 1449 2300 praefe-

435 2319 513 2416 runt
541 2337 626 2412 artes
655 2318 870 2420 imitatrices,
898 2324 1065 2414 sculptura
1091 2322 1219 2418 scilicet
1244 2339 1279 2393 et
1300 2321 1446 2418 picturaq

437 2438 623 2540 iisdemque
641 2443 769 2534 legibus
796 2424 919 2535 scripta
938 2434 1116 2540 expendit,
1137 2443 1258 2538 quibus
1275 2434 1329 2530 rel
1345 2442 1450 2511 caela·

437 2575 507 2652 ¹tarn
517 2615 528 2648 ,
547 2563 600 2660 rel
619 2563 741 2661 pictam
760 2554 943 2656 imaginem
961 2551 1037 2656 quis
1053 2562 1275 2654 expenderet.
1293 2559 1452 2644 Animadg

438 2677 538 2772 uertit
555 2671 711 2768 insuper,
729 2678 765 2746 in
783 2678 935 2774 Phaedro
952 2679 1099 2773 Platonis
1117 2677 1223 2748 notari
1243 2702 1263 2768 a
1281 2676 1454 2760 Socraten·=

437 2775 598 2890 rationem
610 2792 793 2888 Lysiae,et
811 2793 995 2887 comparari
1007 2817 1083 2889 cum
1097 2788 1451 2885 epigrammate,quod

439 2906 521 3000 elim
540 2905 736 3006 inscriptum
752 2905 859 3004 suerat
872 2907 990 3001 Midae
1008 2907 1165 3000 phrygio:
1181 2904 1267 2976 unde
1282 2902 1454 2996 llartlrolus

363 3117 364 3120 1
439 3023 487 3094 sic
514 3023 698 3120 concludit:
726 3026 761 3098 Si
781 3027 911 3121 Platoni
929 3015 1024 3121 licuit
1032 3024 1171 3153 ,inquit
1182 3078 1194 3111 ,
1213 3023 1276 3094 duo
1301 3021 1389 3114 inter
1414 3044 1453 3115 se

443 3157 659 3252 componere,
679 3161 764 3254 quae
787 3111 967 3208 deformia·
958 3191 969 3227 ‚
959 3140 1101 3256 ·quirl
1094 3138 1129 3208 ni
1150 3137 1233 3208 mihi
1252 3135 1348 3227 liceat
1367 3103 1458 3220 duo,

442 3275 527 3350 quea
559 3239 697 3350 pulcra?
725 3255 813 3350 Dein
845 3254 994 3373 quaerit,
1023 3280 1109 3372 quae
1134 3253 1307 3353 inscriptio
1337 3253 1460 3344 pulcra

444 3361 685 3486 appellanda
661 3374 719 3444 sit
738 3373 787 3472 Eu
805 3375 985 3472 nimirum,
1014 3379 1063 3473 ait
1074 3430 1084 3464 ,
1104 3401 1188 3470 quae
1207 3377 1305 3467 illum
1323 3371 1456 3470 omninq

443 3487 621 3600 exprimit,
631 3513 669 3560 ac
686 3513 777 3581 vere,
789 3515 842 3584 cur
830 3491 974 3562 eedem
992 3491 1047 3564 fir.
1058 3496 1186 3589 Exque
1199 3489 1354 3577 deducit,
1372 3487 1454 3558 tales

445 3622 511 3698 pon
534 3625 633 3704 esse,
665 3630 787 3700 quae
774 3606 923 3704 versilrus
944 3623 1120 3678 exaratae
1137 3602 1258 3698 Neque
1292 3603 1384 3674 enim
1406 3625 1461 3672 re·

444 3745 519 3822 rum
543 3740 639 3816 poeta
651 3743 825 3824 sequitur
817 3694 884 3798 aed
907 3727 1108 3819 uerisimile,
1120 3744 1154 3798 et
1176 3725 1263 3819 qued
1275 3738 1457 3816 generatim

443 3811 534 3930 cadit
559 3843 595 3912 iu
625 3868 741 3932 ornnes
768 3845 916 3939 ejusdem
941 3847 1069 3918 ordinis
1085 3845 1254 3929 homines,
1273 3866 1340 3910 non
1365 3839 1457 3931 quod

387 3973 390 3980 ·
444 3952 543 4076 lgruic,
569 3957 625 4038 rel
641 3958 693 4033 illi
711 3960 866 4034 convenit
891 3958 1118 4065 peculiariter.
1136 3959 1225 4043 Hinc
1241 3958 1285 4032 ad
1302 3952 1460 4078 proposi,
1497 4010 1501 4016 .
