3259 4959
411 362 476 434 128
886 377 970 428 utra

461 496 626 566 Omnibus
635 494 689 562 his
707 491 851 583 imponit
865 493 958 582 quasi
975 490 1153 582 quamdam
1169 491 1358 564 coronidem
1371 495 1431 565 Be-

413 615 562 683 nedictus
587 616 670 682 XIV
693 612 728 679 in
748 611 889 702 epistola
918 611 959 680 ad
977 611 1222 696 Fasciolatum,
1246 614 1429 701 praemissa

412 727 504 816 operi
532 727 576 796 de
606 726 779 794 Servorum
807 722 875 794 Dei
901 721 1151 814 beatificatione
1167 733 1202 796 et
1230 727 1431 796 Sanctorum

411 839 684 928 canonizatione,
703 843 792 934 quod
810 867 920 912 rursus
948 844 1112 914 edendum
1131 844 1308 916 Seminarii
1335 859 1431 936 patu-

409 955 479 1023 vini
508 955 597 1045 typis
626 955 801 1047 magnifiee
828 955 920 1026 idem
939 973 1109 1026 curaverat
1126 958 1348 1028 Faeeiolutus.
1376 959 1430 1025 De

408 1071 515 1161 ipsius
536 1076 678 1161 virtute,
697 1075 818 1166 peritia
829 1127 838 1160 ‚
856 1075 989 1145 solertia
1008 1076 1175 1166 praeclare
1198 1075 1350 1146 Pontifex
1373 1099 1429 1146 sa-

407 1190 670 1280 pientissimus.
699 1194 784 1263 Mox
815 1193 897 1262 haee
922 1193 1030 1264 addit:
1065 1195 1157 1283 Quae
1185 1192 1430 1283 perhonorifice

409 1307 453 1378 de
471 1319 507 1380 te
524 1309 691 1381 sententia
712 1323 750 1380 ut
768 1311 938 1383 neminem
957 1308 1085 1400 lateat,
1101 1293 1301 1404 inuneatque
1320 1309 1428 1382 onirnt'

407 1427 518 1500 nostri
534 1427 696 1501 rnnnoriu
718 1439 820 1520 etque
839 1430 984 1501 eximiae
1002 1442 1081 1501 tuae
1103 1428 1230 1534 Insteio,
1251 1428 1422 1520 publicum

408 1553 660 1615 monumentum
687 1541 881 1634 apostolicis
906 1513 1088 1614 litteriolo
1110 1525 1228 1632 stanna
1247 1541 1353 1614 brevis
1377 1553 1430 1610 te
1488 1543 1493 1550 '

409 1655 496 1726 stort'
514 1655 704 1726 voluimus.
720 1658 850 1746 Magna
867 1657 939 1724 laus
959 1670 1009 1724 est
1028 1679 1046 1724 a
1066 1657 1198 1728 laudato
1218 1659 1286 1728 viro
1311 1655 1428 1728 lauda-

408 1772 458 1841 ris
484 1790 607 1864 quanto
625 1773 732 1873 major
748 1773 857 1846 ornari
878 1774 1084 1870 amplissime
1103 1799 1123 1846 a
1142 1777 1300 1848 Pontifies
1318 1760 1433 1846 leuda-¹

413 1883 565 1958 tissime?

455 1988 512 2069 Sie
528 2001 645 2071 Jaeobi
664 2025 785 2072 nomeu
804 2002 910 2073 erasit
925 2020 993 2074 tota
1007 2007 1138 2096 Europa
1152 2003 1430 2078 celeberrimum:

409 2116 516 2188 immo
535 2120 638 2194 etiam
657 2121 743 2192 ultra
760 2123 910 2216 ejusdem
930 2128 1079 2215 Europae
1100 2121 1275 2194 terminos.
1294 2167 1297 2176 ι

456 2239 627 2306 Postremo
648 2253 796 2329 ternpore
815 2239 934 2312 aetatis
953 2263 1032 2312 suae
1047 2239 1189 2310 Jacobus
1208 2239 1325 2330 capitis
1354 2262 1431 2330 gra-

409 2352 529 2424 vedine
544 2351 734 2438 laborabat,
752 2377 829 2423 curn
846 2354 975 2445 accepit
989 2355 1169 2445 'epistolam
1189 2353 1252 2422 sibi
1280 2355 1428 2422 Ferraria

410 2473 549 2548 missam
568 2495 588 2540 a
606 2472 750 2564 quodam
768 2473 937 2543 societatis
963 2474 1044 2544 Jesu
1070 2473 1282 2563 presbytero,
1301 2471 1357 2562 qui
1377 2495 1430 2540 ve-

410 2595 504 2656 nerat
523 2586 738 2678 Augeiopoli.
756 2587 957 2656 Testabatur
975 2586 1030 2655 hie
1036 2639 1046 2671 ‚
1059 2588 1144 2656 nihil
1161 2585 1226 2654 sihi
1239 2585 1346 2676 potius
1356 2581 1434 2651 fuis·

407 2727 464 2787 se,
483 2725 610 2794 exque
629 2703 774 2795 primurn
792 2719 910 2774 nactus
930 2720 1017 2772 esset
1036 2703 1157 2794 quietis
1175 2703 1304 2786 locum,
1330 2723 1428 2790 quarn

409 2834 447 2886 ut
464 2817 507 2888 ad
525 2817 636 2908 ipsum
654 2817 763 2890 virum
785 2818 1034 2892 ornatissimum
1063 2817 1245 2886 scriberet.
1273 2813 1431 2904 Usurparl

408 2931 501 3000 enirn
520 2956 596 3001 eum
616 2933 715 3002 laude
734 2931 847 3023 ajebat
866 2931 1044 3004 Facciolati
1065 2951 1192 2998 nomeu
1213 2930 1314 2998 etiam
1329 2930 1433 2998 inno·

406 3065 449 3112 vo
467 3045 610 3113 mundo.
626 3048 716 3114 Eum
744 3044 794 3110 ibi
813 3044 978 3134 appellari
1012 3042 1055 3110 ab
1074 3043 1227 3110 omnibus
1257 3060 1430 3131 patronum

409 3181 449 3226 ae
484 3165 746 3226 restaurutorem
775 3154 991 3224 litterarum.
1016 3154 1078 3222 Cui
1108 3152 1224 3222 testim
1252 3153 1430 3224 admodum

406 3274 610 3347 Fsoeiolatus
624 3276 677 3366 (t)
690 3326 698 3343 .
710 3278 791 3350 Erat
810 3274 901 3343 enirn
912 3274 964 3342 illi
983 3295 1085 3363 prope
1105 3287 1220 3341 natura
1238 3270 1339 3340 insita
1353 3269 1430 3344 hre-

344 3448 347 3456 .
408 3390 460 3458 vis
478 3405 644 3480 etarguta
661 3389 880 3480 epistolarum
901 3386 1124 3462 continuitas,

454 3508 529 3575 Fuit
547 3507 637 3582 idem
657 3525 751 3581 acuto
769 3507 903 3601 iugenio
923 3523 1022 3598 atque
1041 3503 1210 3588 versatili,
1225 3501 1329 3572 valuit
1348 3524 1426 3592 quo·

408 3647 473 3715 que
492 3627 652 3701 memoria
670 3627 872 3725 plutimum3
892 3625 1123 3718 utque'omnia
1142 3619 1242 3692 tacite
1261 3618 1426 3718 percipie-

755 3857 921 3891 fflfflfflffl
925 3857 1086 3890 ΜΜἪΜ

443 4003 502 4087 (ι)
521 4001 613 4083 Epist.
635 4021 665 4083 9.
682 4023 717 4064 ex
734 4001 785 4074 iis,
804 4022 876 4086 quaa
896 4001 971 4086 typis
991 3999 1113 4086 primum
1133 3995 1226 4062 editae
1246 3991 1331 4056 root.
