3259 4959
838 593 999 670 VITA

664 832 960 943 JOANNlS
991 829 1181 942 BASSI

456 1701 503 1849 J
504 1798 626 1847 oannes
643 1776 764 1845 Bassus
782 1776 834 1845 111
852 1772 942 1845 Non.
959 1771 1168 1863 Septembris
1185 1796 1261 1845 ann.
1278 1774 1366 1851 1680
1383 1775 1429 1845 ah

410 1895 542 1969 Andrea
562 1911 596 1965 et
614 1893 766 1965 Candida
794 1892 942 1965 honestis
971 1893 1162 1983 parentibus
1192 1909 1298 1963 ortum
1329 1895 1430 1969 traxit

409 2011 510 2083 Dauli
529 2010 701 2079 Patavium
722 2009 808 2077 intcr
827 2023 861 2077 et
884 2007 1047 2078 Venetias
1069 1994 1227 2077 Meduaci
1254 2008 1297 2078 ad
1320 2008 1430 2099 ripam

408 2130 530 2220 positi.
550 2127 751 2215 Quindecim
772 2151 875 2197 annm
893 2144 989 2197 natus
1003 2125 1180 2197 Seminarii
1197 2126 1344 2217 patavini
1359 2126 1430 2197 alu·

411 2243 500 2311 mnis
520 2243 703 2333 adscriptus
723 2239 786 2309 fuit
804 2241 920 2313 Idibus
938 2241 1108 2325 Octobris,
1121 2257 1155 2310 et
1173 2241 1292 2311 studiis
1310 2240 1430 2320 huma-¹

409 2359 524 2431 uitatis
544 2361 711 2431 addictus.
738 2360 1043 2431 Commendabatur
1061 2342 1230 2429 celeritate
1248 2358 1374 2449 ingenii
1393 2376 1429 2428 et

409 2475 632 2566 perspicacia,
652 2472 812 2545 facilitate
832 2474 1013 2543 memoriae
1041 2490 1075 2544 ot
1101 2473 1277 2559 firmitate,
1297 2474 1430 2545 assidua

408 2608 442 2663 et
461 2594 586 2663 intenta
605 2616 702 2679 cura,
722 2617 822 2683 quare
841 2617 906 2662 non
926 2593 1127 2663 mediocrem
1153 2592 1313 2685 jamtum
1340 2592 1431 2663 exci-

411 2708 493 2779 tavit
512 2707 792 2797 exspectationem
814 2706 885 2777 sui.
903 2706 1116 2775 Politioribns
1136 2706 1256 2777 litteris
1275 2705 1430 2775 laudabi,

409 2824 486 2899 liter
504 2824 684 2917 percursis,
696 2824 942 2915 philosophiam
964 2848 1002 2894 ac
1022 2824 1313 2919 jurisprudentiam
1328 2844 1431 2893 exco-

407 2942 488 3013 luit.
509 2948 557 3015 hc
576 2944 617 3015 de
636 2944 733 3015 rebus
758 2944 894 3037 quidem
922 2946 1163 3037 philosophicis
1181 2946 1216 3014 in
1237 2966 1358 3035 magna
1375 2942 1430 3013 lit·

407 3078 584 3131 teratorum
601 3061 744 3133 virorum
768 3062 952 3155 frequentia
971 3065 1135 3135 disserens
1152 3062 1272 3131 iisdem
1294 3084 1430 3153 magno·

406 3202 483 3273 perc
502 3178 683 3268 satisfecit,
702 3182 968 3253 eminentissimo
990 3182 1025 3249 in
1045 3181 1164 3272 primis
1182 3179 1327 3273 principi
1347 3184 1428 3256 Car.

407 3291 511 3361 dinali
538 3294 692 3363 Cornelio
724 3294 879 3385 episcopo
911 3295 1094 3385 patavino,
1123 3318 1227 3387 aquo
1254 3313 1429 3388 propterea

406 3407 470 3478 fuit
489 3412 637 3499 praemio
656 3427 807 3482 umatus.
828 3415 906 3483 Post
925 3413 1113 3483 adsacrum
1132 3412 1282 3484 incubuit
1300 3414 1434 3485 theolo-

406 3524 496 3615 giam
507 3576 517 3609 ,
538 3550 576 3595 ac
595 3524 699 3599 simul
718 3550 754 3597 se
772 3528 920 3599 exercuit
938 3527 974 3598 iu
994 3526 1258 3614 mathematicis,
1270 3543 1308 3596 nt
1325 3528 1430 3600 etiam

408 3658 523 3713 antea.

452 3760 590 3830 Interim
611 3762 803 3854 aliquandiu
819 3764 909 3834 domi
924 3763 1047 3834 mansit
1065 3788 1124 3834 sua
1133 3817 1143 3849 ,
1159 3778 1196 3833 ut
1211 3762 1346 3855 opinor,
1358 3785 1434 3835 coa·

407 3887 480 3942 ctus
499 3873 723 3944 invaletudine
734 3904 745 3964 3
764 3900 897 3968 semper
916 3894 1026 3945 tamen
1047 3876 1222 3949 Seminarii
1240 3873 1361 3945 scholis
1382 3874 1434 3943 in·

407 3984 539 4059 terfuit:
565 3986 623 4060 ubi
650 3988 754 4062 etiam
783 3991 895 4063 docuit
921 3990 1188 4087 philosophiam,
1206 4014 1271 4085 qua
1297 3986 1433 4063 valebat
