3259 4959
413 355 479 426 bn!

459 396 482 448 4
593 491 719 556 PETl'tl
737 493 760 554 F
763 492 936 556 ACClOLl
958 491 1095 556 OPERA
1114 492 1252 561 EDl'l'd

452 643 573 777 Jacobi
591 711 693 793 Sponii
712 712 752 770 rei
773 711 951 792 antiquariae
971 711 1093 774 selectae
1114 714 1438 798 quaestiones,gallieo

416 821 561 902 scriptae,
583 830 612 879 ct
632 816 663 878 in
681 818 775 880 varias
795 817 1012 880 dissertationes
1034 817 1207 882 distributae
1228 837 1281 884 etc.
1304 846 1321 884 a
1348 827 1439 887 Petro

410 918 547 988 ¹Facciolo
574 924 663 983 latine
684 924 836 984 redditae.
867 925 945 988 Vide
966 926 1064 986 Polcui
1093 926 1125 986 in
1144 947 1273 990 romanas
1302 944 1330 990 et
1350 953 1437 1014 grae-

416 1054 464 1094 cas
485 1033 668 1113 antiquitates
689 1053 762 1090 rrova
784 1033 989 1114 supplementa
1015 1035 1105 1095 Tum.
1122 1037 1166 1098 lV
1186 1057 1252 1118 pag.
1272 1039 1342 1118 369.

451 1135 595 1219 Scipionis
614 1133 745 1216 Mapbeji
760 1133 796 1194 de
819 1132 1012 1216 amphiteatris
1031 1135 1145 1198 Galliae
1158 1183 1167 1211 ‚
1181 1138 1311 1220 Epistola
1320 1139 1359 1202 ad
1375 1145 1432 1204 Jo-

417 1265 520 1303 anncm
539 1242 676 1303 Polenum
697 1240 734 1299 ab
756 1239 855 1300 eodem
876 1241 965 1301 latine
983 1227 1110 1324 exposita
1131 1245 1222 1306 Tum.
1243 1245 1284 1311 V.
1305 1246 1434 1328 ejusdem

417 1351 510 1434 operis
530 1370 595 1432 pag.
616 1351 685 1409 312.

457 1457 558 1518 Altera
576 1453 702 1534 ejusdcm
722 1454 853 1537 Mapheji
876 1455 1007 1538 Epistola
1028 1455 1064 1518 de
1086 1455 1209 1536 antiquis
1221 1457 1335 1520 Galliae
1355 1461 1434 1523 tbea·

419 1560 470 1622 tris
492 1559 530 1620 ad
550 1555 756 1617 bernardinum
778 1555 979 1632 Zendrinum,
998 1557 1035 1618 ab
1055 1557 1154 1618 eodem
1172 1559 1305 1620 Facciolo
1323 1560 1356 1622 in
1373 1561 1433 1622 lin-

419 1683 502 1742 guam
520 1661 637 1720 latinam
656 1678 758 1718 versa.
779 1655 891 1718 ibidem
909 1678 975 1740 pag.
993 1661 1063 1737 364.

464 1767 620 1830 Orationes
640 1778 697 1824 tres
714 1764 825 1824 Patauii
848 1766 923 1846 typis
945 1768 1097 1830 seminarii
1119 1789 1186 1830 ann.
1210 1770 1336 1850 1747111
1354 1772 1384 1834 θ.

462 1874 565 1941 Oratio
584 1893 636 1957 pro
656 1870 777 1931 solemni
798 1870 958 1932 studiorum
985 1873 1137 1936 Seminarii
1155 1875 1274 1938 vicerim
1291 1875 1432 1942 insuma-

410 1988 519 2048 'tione.
541 1981 617 2044 lbid.
639 2002 706 2040 anu.
731 1981 807 2060 1748
824 1979 856 2038 in
878 1982 907 2041 θ.
1411 1988 1415 1998 ’

460 2093 528 2154 Titi
548 2089 626 2152 Livii
645 2086 774 2171 patavini
794 2107 878 2168 opera
897 2087 1092 2151 obscuriorum
1110 2090 1237 2154 locorum
1265 2093 1433 2174 interpreta-

419 2197 571 2270 tionibus,
598 2209 627 2255 et
653 2189 766 2252 selectis
796 2190 1028 2254 annotationibus
1053 2193 1215 2256 illustrata.
1238 2193 1348 2256 Ibidem
1366 2218 1438 2258 ann.

425 2298 497 2382 1751
521 2297 610 2358 Tomi
632 2297 676 2360 Vl
695 2295 726 2353 in
751 2311 796 2351 12.

461 2403 590 2465 Cornelii
609 2403 730 2485 Nepotis
750 2404 827 2465 ritae
847 2404 1049 2466 excellentium
1069 2404 1268 2488 imperatorum
1297 2405 1437 2470 breviori-

425 2508 480 2572 bus
499 2509 730 2571 annotationibus
750 2509 925 2574 illustratae.
944 2511 1053 2573 lbidem
1073 2533 1140 2573 anu.
1167 2513 1240 2595 1754
1257 2517 1286 2574 in
1306 2519 1334 2577 u.

460 2617 543 2679 Publ.
567 2617 668 2682 Ovidii
686 2617 812 2679 Nasonis
834 2621 981 2678 Fastorum
1001 2617 1068 2678 libri
1079 2619 1122 2681 Vl
1135 2659 1145 2687 ,
1157 2619 1376 2682 Tristiumlibri
1387 2623 1434 2699 V,

423 2720 461 2783 de
479 2727 573 2786 Ponto
591 2725 660 2799 libri¹
684 2727 726 2790 lV
751 2747 816 2786 cum
845 2725 1025 2788 brevioribus
1047 2723 1300 2789 annotationibus.
1327 2726 1439 2792 ibidem

426 2854 493 2896 ann.
518 2837 593 2897 1⁹62
614 2833 644 2894 iu
670 2853 715 2894 12.

465 2876 630 2998 Certimina
655 2936 792 3002 litteraria
813 2936 851 2998 ab
870 2933 1050 3010 Academicis
1072 2935 1224 2998 seminarii
1246 2937 1372 3020 palatim
1393 2939 1440 3000 in·

423 3042 524 3104 clituta
542 3055 571 3102 et
588 3040 706 3118 habita,
724 3054 906 3124 praeceptore
924 3045 1008 3103 Petro
1027 3045 1049 3104 F
1051 3042 1181 3118 acciolo,
1202 3043 1320 3128 ipsoque
1346 3045 1438 3126 prima

423 3140 551 3201 oratione
570 3155 747 3225 praeeunte,
769 3140 876 3201 additis
895 3141 933 3200 ad
953 3143 1061 3204 calcem
1081 3142 1191 3204 duabus
1220 3145 1283 3208 aliis
1309 3144 1440 3228 ejusden

424 3246 620 3310 orationibus.
645 3248 773 3314 Veneriis
794 3269 862 3308 ann.
874 3231 959 3330 ¹1767
979 3249 1010 3310 in
1030 3253 1058 3313 8.

648 3466 844 3530 EJUSDEM
866 3465 1002 3529 OPERA
1021 3466 1202 3530 INEmTt

430 3749 435 3754 .
463 3672 561 3734 Multa
589 3675 693 3758 partim
714 3675 823 3753 latina,
842 3681 947 3764 partim
970 3676 1056 3748 itala,
1076 3675 1181 3760 partim
1213 3693 1313 3748 taen,
1333 3673 1445 3756 partim

425 3767 564 3863 prolaba:
586 3781 696 3856 silvae,
722 3786 936 3878 oratiunculae,
957 3785 1148 3869 praefationes
1169 3795 1197 3846 et
1224 3781 1280 3842 alia
1299 3778 1447 3866 politioris

428 3885 623 3965 litteraturae,
645 3909 718 3969 quae
738 3893 869 3954 recensui
888 3895 919 3954 in
939 3893 1002 3975 ejus
1017 3892 1097 3958 vita.
