3259 4959
529 344 650 395 sorau
669 342 879 411 repetantur
1158 345 1224 417 ¹79

199 476 345 539 verteret
370 459 461 531 euim
479 458 684 529 Facciolatus
706 459 742 527 in
762 458 903 530 latinum
930 457 1075 529 leticum
1096 475 1222 540 temere

197 574 368 671 irrepsisse
396 578 569 649 multaab
599 578 716 649 eodem
745 578 877 669 penitus
900 578 1133 669 expungenda.
1164 581 1219 649 ,te

197 694 235 769 id
260 696 387 791 AEgidii
415 720 514 789 opere
541 710 593 767 est
618 720 716 787 usus,
739 696 802 771 hoc
821 696 872 765 illi
891 696 949 765 uui
973 696 1218 765 emendandum

198 812 384 907 imposuit.
414 816 511 885 ,luno
539 816 652 907 itaque
686 814 772 907 1715
798 815 883 905 prid.
908 813 959 885 ld.
980 813 1087 905 April.
1116 814 1222 885 iuter.
1313 890 1317 897 ¹

132 930 135 935 ’
196 934 376 1025 polauduru
404 934 550 1026 suscepit
578 935 731 1007 Veterem
763 931 978 1024 Calepinum,
1003 957 1088 1026 quae
1115 934 1220 1008 iuter-

196 1054 322 1145 polatio
349 1066 489 1145 quatuor
518 1052 585 1123 lere
613 1076 716 1123 annos
744 1052 950 1143 absumpsit.
980 1054 1109 1123 Verum
1135 1052 1221 1123 illud

197 1168 405 1261 experientia
423 1183 628 1259 conspertum
649 1165 767 1241 habuit
784 1166 1011 1250 Forcellinus,
1026 1165 1089 1236 hoc
1103 1191 1221 1260 pamm

198 1308 329 1379 prorsus
350 1283 524 1376 prodesse.
553 1288 633 1356 Erat
651 1283 785 1381 quidem
810 1285 896 1355 liber
913 1302 1132 1378 expurgatus,
1160 1316 1220 1358 au-

197 1420 289 1489 ctus,
310 1405 512 1497 perpolitus3
532 1430 596 1475 non
617 1421 728 1475 tamen
746 1421 783 1474 ut
801 1404 931 1490 debuit,
950 1401 1009 1475 sed
1029 1420 1065 1473 ut
1088 1408 1214 1496 potuit:

200 1518 259 1587 vix
278 1518 458 1611 quidquam
479 1518 585 1589 adhuc
605 1518 776 1611 probabile
793 1518 903 1589 emitti
922 1534 1069 1609 poterat,
1086 1519 1152 1590 uisi
1178 1518 1219 1589 de

200 1631 330 1725 integro
358 1634 566 1704 recuderetur
585 1636 658 1727 (ι).
679 1636 763 1704 Tam
791 1634 895 1703 multa
914 1632 1043 1704 scilicet
1070 1658 1220 1705 occurre-

194 1746 278 1821 bant
296 1748 330 1816 iu
351 1771 391 1817 eo
410 1748 620 1841 corrigenda,
640 1750 797 1820 mutanda
808 1800 818 1833 ,
837 1748 1004 1823 addenda.
1025 1752 1135 1841 Quare
1154 1751 1216 1821 sub

192 1858 292 1929 finem
312 1862 389 1931 anni
421 1862 508 1956 1718
526 1861 616 1958 jussu
636 1862 772 1956 Georgii
791 1862 891 1933 Cerd.
917 1863 1066 1935 Cornelii
1088 1864 1217 1956 episco-

193 1972 229 2065 pi
251 1976 418 2065 patavini,
437 1975 535 2047 ductu
554 1976 670 2047 Jacobi
689 1975 868 2047 Facciolati
889 1999 1058 2072 aggressus
1075 1992 1126 2046 eet
1142 1994 1212 2047 tam

194 2105 325 2159 vastum
356 2113 440 2183 opus
462 2090 639 2181 Epidius,
658 2088 768 2177 ipsum
789 2089 941 2158 alacriter
958 2107 1147 2177 prosecutus
1167 2092 1211 2163 ad

197 2222 321 2271 anuum
342 2222 445 2292 usque
477 2201 574 2293 1724.
601 2201 696 2267 Tunc
721 2199 804 2267 illud
829 2200 965 2268 omniuo
989 2202 1210 2276 intermittere

196 2332 327 2385 coactus
354 2314 435 2400 fuir,
465 2331 499 2385 et
525 2314 769 2405 Seminarium,
796 2316 845 2387 ita
871 2313 997 2387 ferente
1024 2334 1210 2411 temporurn

191 2431 403 2525 conditione,
421 2418 624 2528 relinquere.

239 2548 378 2619 Interim
398 2549 470 2641 ipse
489 2548 647 2619 invitetur
664 2548 826 2621 Genetam
839 2548 883 2619 ab
896 2546 1045 2644 ejusdem
1065 2550 1216 2633 civitatis

188 2666 364 2759 episeopo,
384 2670 480 2760 eique
499 2668 676 2739 tradendae
704 2669 886 2739 rhetoricae
904 2666 1071 2739 facultatis
1091 2693 1214 2751 munus

188 2806 230 2853 ac
250 2784 349 2855 totius
369 2785 545 2857 seminarii
570 2785 788 2857 comnsittitur
811 2784 1035 2878 praefectura.
1056 2788 1109 2857 lbi
1140 2789 1211 2859 diu·

189 2896 258 2966 tius
276 2914 498 2967 commoratus
517 2898 616 2967 nullis
636 2899 804 2971 laboribus
824 2903 991 2993 pepercit,
1009 2918 1046 2973 ut
1062 2902 1210 2994 discipli-

187 3038 267 3085 nam
287 3034 510 3108 promoveret,
530 3034 564 3087 et
582 3018 776 3111 scientiam,
805 3044 943 3111 quarum
966 3021 1070 3091 altera
1090 3020 1132 3092 ab
1156 3020 1208 3094 al·

186 3148 259 3203 tera
277 3134 415 3205 distrahi
447 3136 562 3231 nequit
580 3138 652 3209 siue
678 3140 828 3209 maxime
842 3140 1050 3212 alumnorum
1070 3139 1208 3234 damno,

174 3266 287 3341 ‚atque
298 3250 406 3321 iubeo
415 3305 425 3339 ,
440 3270 553 3346 utpote
566 3256 622 3348 qui
637 3260 804 3351 utriusque
821 3260 866 3329 rci
880 3258 1207 3354 experientissimus,

183 3366 271 3436 adeo
298 3367 476 3459 excelluit,
503 3386 541 3439 ut
567 3370 657 3443 illius
685 3373 863 3450 Seruinarii
887 3374 981 3478 quasi
1001 3396 1120 3467 parens
1144 3376 1206 3455 be·-

184 3480 305 3559 beatur
315 3530 327 3567 ,
347 3498 381 3551 et
399 3481 463 3551 sit.

230 3594 297 3667 Sed
318 3595 385 3688 jaus
413 3596 587 3688 septennio
614 3598 853 3691 propemodum
871 3601 1019 3691 evoluto,
1040 3602 1082 3675 ad
1109 3618 1206 3697 pata.

536 3836 867 3867 ΜΜῚΜΜΜἪΜ

226 3997 278 4087 ζ’)
298 3996 376 4063 lll‘
398 3998 590 4073 saredune
608 4000 699 4075 Tre·
720 4004 734 4075 1
753 4004 798 4079 ssi
816 4004 906 4075 texte
922 4024 988 4101 pag.
1007 4002 1103 4079 ests.
