3259 4959
389 493 474 564 bilis
492 490 565 584 ipse
583 502 776 578 appareret,
796 509 872 589 curn
891 483 926 555 in
953 483 1015 555 hoe
1033 479 1149 557 luisset
1166 505 1277 560 revera
1300 487 1405 563 mira.

386 607 490 680 bilis.
518 606 705 692 'lantopere
733 601 860 670 amarit
886 601 1035 670 alumnos
1059 602 1124 672 loci
1142 603 1239 700 hujus
1258 604 1404 682 Gnnoo·

384 723 488 799 nrusl
544 770 548 785 .

430 835 574 908 Eosdem
592 832 663 904 auis
680 834 785 905 etiam
803 835 1056 926 consanguineis
1075 853 1109 908 et
1127 835 1280 909 affinibus
1307 855 1404 910 ante-

384 952 512 1047 posuit.
533 953 567 1022 Is
581 949 751 1021 enimvero
770 948 835 1020 luit
861 974 994 1019 auorum
1021 953 1283 1025 amantissimus:
1303 935 1401 1026 num-

384 1094 487 1164 quam
515 1087 628 1143 tamen
651 1093 765 1140 eornm
785 1069 921 1140 divitias
944 1094 1062 1164 augere
1085 1073 1211 1146 studuit
1232 1077 1401 1147 Ecclesiae

384 1189 504 1261 bonis.
522 1191 615 1285 Quin
633 1190 668 1260 in
688 1208 809 1281 egenos
828 1188 1063 1261 liberalitatem
1083 1192 1231 1264 exercuit
1247 1217 1312 1263 non
1332 1197 1405 1268 sine

384 1309 499 1402 aliquo
521 1327 677 1404 paternae
700 1311 818 1380 domus
835 1310 1024 1402 impendio.
1042 1316 1081 1382 ln
1099 1312 1268 1384 neminem
1292 1315 1403 1388 minus

384 1429 520 1524 largiter
537 1457 574 1503 se
596 1455 633 1502 se
656 1428 795 1517 habuit,
822 1454 921 1522 quam
941 1429 977 1499 in
995 1431 1213 1524 propinquos.
1234 1433 1316 1504 Suos
1343 1459 1403 1504 ex-

385 1550 496 1643 cipere
521 1565 752 1638 consueverat,
771 1567 809 1620 ut
836 1551 984 1638 alienos3
1003 1552 1149 1640 alienos,
1166 1569 1203 1622 ut
1222 1577 1315 1623 suos.
1339 1555 1405 1625 lli-

383 1663 523 1750 bernos,
537 1665 672 1752 Gallos,
687 1663 863 1735 Britannos
877 1663 913 1732 in
927 1662 1151 1735 Seminarium
1168 1684 1323 1756 exceptos
1339 1669 1405 1737 ale-

382 1781 442 1851 bat
456 1805 532 1853 cum
547 1781 622 1850 aliis
641 1780 795 1873 plurimis
814 1803 890 1852 aere
908 1805 989 1852 suo.
1011 1783 1057 1852 At
1075 1781 1165 1852 idem
1181 1808 1246 1854 non
1265 1784 1331 1854 nisi
1347 1809 1403 1876 pa·

386 1898 447 1966 tris
465 1896 605 1988 pecunia
623 1897 751 1967 ibidem
769 1898 817 1968 ali
836 1897 939 1966 voluit
955 1896 1068 1969 fratris
1087 1899 1171 1969 lilios
1185 1953 1192 1968 .
1208 1903 1278 1972 Hos
1295 1925 1402 1998 neque

386 2013 601 2085 contubernio
619 2015 752 2107 excepit
767 2036 935 2109 unquam,
958 2039 1063 2109 neque
1081 2017 1233 2088 convictu
1253 2021 1267 2110 (
1292 2020 1325 2110 ).

429 2130 508 2200 Non
528 2128 682 2223 exiguam
701 2131 783 2201 olim
801 2131 1033 2202 sanctissimae
1050 2135 1167 2206 Cmcis
1191 2151 1318 2228 partem
1343 2135 1404 2206 do-

381 2271 427 2320 no
446 2248 581 2320 dederat
599 2254 805 2323 Brnosnrco
823 2249 891 2322 dux
908 2274 1046 2344 magnus
1061 2252 1235 2324 Hetmriae
1250 2254 1405 2326 Cosimus

380 2366 445 2436 lroc
467 2367 601 2438 nomine
626 2370 697 2452 III,
720 2365 945 2456 pulcherrima
977 2383 1011 2435 et
1034 2367 1274 2457 pretiosissima
1307 2368 1403 2441 theca

380 2478 563 2554 inclusam.
585 2483 680 2550 Hane
699 2477 881 2550 Barbadica
900 2503 978 2570 gens
996 2481 1205 2570 exposnrlare
1223 2482 1334 2572 coepit
1349 2507 1402 2550 vo·

382 2599 428 2672 tis
446 2598 601 2670 omnibus
620 2623 641 2668 a
659 2600 869 2670 Gnaeonro.
888 2597 953 2667 Sed
974 2595 1114 2667 frustra.
1134 2600 1283 2668 Thecam
1302 2623 1403 2670 unam

380 2715 494 2786 eidem
514 2712 671 2799 tradidit,
689 2711 784 2782 mille
802 2710 847 2781 ab
864 2733 905 2780 ea
925 2709 1100 2801 persolutis
1118 2711 1282 2804 argenteis
1307 2735 1403 2782 nurn-

360 2813 468 2903 ἠὼ.
486 2826 604 2898 Cmois
619 2851 696 2897 vero
714 2842 843 2918 partem
861 2849 938 2894 cuns
956 2823 1063 2914 pretio
1079 2824 1166 2894 dono
1185 2823 1277 2896 dedit
1295 2823 1402 2896 Semi·

382 2945 645 3031 nario,testatus
659 2943 821 3016 dedecere
839 2943 894 3014 vel
913 2941 1078 3028 maxime,
1096 2942 1225 3034 insigne
1234 2942 1317 3012 illud
1330 2942 1404 3012 reli-

316 3128 319 3134 .
380 3059 491 3154 gionis
522 3076 771 3129 monumentum
794 3060 886 3130 cultu
904 3056 1039 3150 publico
1057 3074 1090 3126 et
1117 3055 1326 3126 veneratione
1346 3079 1403 3124 ca-

384 3201 456 3247 rere
473 3177 546 3268 (2).
566 3177 772 3267 Singularem
784 3177 870 3246 hanc
882 3175 1154 3260 beneficentiam,
1168 3198 1232 3265 qua
1246 3172 1304 3242 ille
1318 3196 1405 3242 sem-

383 3319 465 3389 per,
484 3295 563 3365 dum
582 3296 726 3382 vireret,
744 3296 897 3388 prosequi
916 3295 1045 3366 solebat
1063 3291 1302 3376 Seminarium,
1326 3285 1401 3361 rno-

383 3409 476 3481 riens
497 3409 671 3502 praecipue
698 3409 862 3480 ostendit.
890 3409 1060 3501 Supremis
1094 3407 1215 3477 tabulis
1240 3430 1306 3475 non
1335 3405 1399 3475 oli-

382 3550 484 3620 quem
504 3551 523 3598 e
541 3552 600 3599 sua
617 3546 730 3622 gente,
744 3529 804 3601 sed
822 3527 1043 3602 Seminarium
1062 3526 1256 3623 patavinum
1274 3521 1340 3595 sibi
1353 3521 1404 3594 in·

728 3737 1062 3768 *nummum

428 3880 481 3959 (r)
499 3877 632 3943 liieolrin.
650 3879 683 3944 in
701 3879 796 3962 ejusd.
815 3882 877 3964 vita
894 3879 916 3940 l.
937 3900 967 3940 a.
987 3899 1014 3940 e.
1035 3881 1065 3944 8.

428 3986 482 4070 (2)
499 3986 569 4053 Act.
595 3986 699 4054 tten‘d
724 3988 769 4056 Τ.
793 3987 849 4058 IV·
874 3986 1016 4054 Summas.
1037 4003 1105 4072 pag.
1123 3981 1175 4052 50,

1599 2215 1602 2302 l
