3259 4959
401 360 488 413 xxiv

490 504 509 541 s
532 476 748 563 Tempestas,
768 464 906 539 tumidis
924 464 1089 563 jactabere
1108 471 1196 541 solus
1214 466 1250 541 in
1268 470 1385 543 undis.

397 623 416 660 s
440 588 500 661 cb.
524 590 615 681 Quid
635 589 696 658 tibi
716 613 775 658 nos
790 590 878 659 inter
897 589 1037 660 referam
1056 592 1254 676 commercia
1273 595 1412 663 rerum?

489 734 509 769 o
532 704 668 776 Scilicet
686 701 833 773 externis
852 719 1003 793 repetens
1022 705 1219 796 compendia
1244 708 1342 777 terrie

489 848 508 883 s
530 820 698 887 Mercator
717 832 844 887 nostras
863 817 981 887 ditavit
1001 816 1165 887 mercibus
1183 841 1276 887 ores.

400 961 418 997 o
437 914 519 1002 Acis.
543 931 678 1003 Scilicet
700 930 779 1001 hinc
797 932 914 1018 luxus,
933 932 1085 1001 convivia
1103 932 1210 1017 lauta,
1230 931 1390 1025 superbae

484 1080 503 1115 s
529 1050 669 1133 Vestes,
699 1063 732 1121 et
762 1065 896 1119 centum
926 1046 1067 1118 famuli:
1104 1066 1175 1119 turn
1192 1048 1318 1120 femina
1347 1049 1415 1141 pri-

581 1200 600 1237 s
622 1192 715 1237 mum

486 1316 506 1355 s
528 1291 615 1358 Tum
637 1287 756 1358 didicit
772 1287 860 1357 male
871 1303 967 1357 cauta
977 1310 1079 1355 nevos
1093 1309 1270 1377 exposcere
1279 1287 1406 1377 cultus3

485 1436 505 1473 s
527 1408 614 1477 Tum
641 1430 819 1498 gemmae,
836 1423 872 1477 et
893 1406 985 1477 rutili
1005 1404 1150 1476 micuere
1165 1404 1201 1475 in
1220 1403 1327 1476 fronte
1346 1429 1413 1497 py-

580 1556 599 1591 n
623 1526 714 1616 rupi,

485 1675 505 1710 c
528 1643 647 1733 Coepit
662 1660 695 1711 et
709 1643 838 1713 intexto
850 1644 953 1713 vestis
972 1644 1201 1735 splendescere
1213 1642 1371 1728 acantho,

443 1837 447 1853 Ι
484 1786 503 1822 s
526 1760 569 1826 Et
586 1756 653 1825 late
672 1755 797 1826 undoso
813 1756 953 1847 vestigia
971 1759 1116 1848 pandere
1135 1784 1235 1850 gyro.

394 1906 413 1943 s
439 1872 496 1945 ct.
522 1877 671 1964 Quantus
690 1898 790 1965 opum
811 1898 985 1963 numerus,
1004 1900 1104 1969 quarn
1128 1900 1248 1969 magna
1266 1876 1345 1947 lrinc
1362 1898 1414 1945 or·

575 2016 595 2054 n
617 2004 650 2057 ta
669 1990 838 2079 supellex!

392 2140 411 2178 s
434 2106 512 2177 ricla.
532 2107 788 2178 Accumulantur
807 2132 887 2201 opes
906 2108 1112 2187 irritamenta
1131 2110 1309 2179 malorum.

390 2252 410 2290 n
435 2221 495 2293 ct.
519 2222 661 2308 Omnia,
682 2224 711 2293 si
732 2224 859 2308 nescis,
878 2224 992 2314 regina
1010 2224 1150 2315 pecunia
1170 2224 1290 2294 donat.

482 2369 501 2405 s
524 2337 587 2408 Illa
607 2338 810 2429 voluptates.

390 2486 410 2522 s>
433 2450 513 2522 Act.
716 2474 722 2483 ·
835 2453 1005 2527 Vitiorum
1025 2478 1122 2527 causa
1141 2457 1314 2547 voluptas,

392 2602 411 2635 n
437 2562 496 2634 ct.
516 2564 579 2634 illa
598 2588 720 2657 genus,
739 2590 899 2657 proar0s3

388 2721 409 2759 s
429 2685 507 2757 Acir.
877 2685 946 2755 sec
968 2709 1055 2777 qnae
1071 2706 1137 2754 non
1150 2682 1302 2775 secirruss
1319 2682 1408 2776 ipsi,

480 2831 499 2865 n
525 2798 589 2868 Vix
607 2822 647 2868 ec
665 2808 781 2869 nostra
800 2822 884 2868 voco
906 2848 1157 2870 .........

436 2914 565 2985 Omitto
585 2913 711 3004 reliqua
730 2914 896 3006 litigiosae
913 2912 1012 3008 hujus
1031 2932 1066 2985 et
1085 2912 1270 3006 perfacetae
1290 2913 1407 3004 dispu-

387 3032 541 3103 tationis.
562 3031 614 3101 Ad
634 3030 724 3099 aliud
743 3032 833 3101 enim
854 3056 909 3102 me
927 3032 1046 3104 inritat
1061 3048 1227 3102 contracta
1242 3028 1350 3099 fronte
1367 3044 1403 3097 et

387 3168 500 3217 severo
520 3144 695 3237 supercilio
713 3143 928 3236 philosophus
953 3169 1049 3215 verae
1077 3145 1246 3237 religionis
1275 3165 1403 3213 servan·

385 3264 561 3350 tissimus,
587 3266 642 3355 qui
675 3280 786 3334 mente
810 3281 845 3334 et
869 3264 1067 3358 cogitatione
1099 3267 1198 3335 altius
1228 3273 1401 3354 assurgens

384 3401 456 3447 esse
471 3380 581 3447 Deum
596 3377 731 3467 probat,
747 3377 882 3473 ejusque
894 3379 929 3447 in
949 3402 1000 3448 res
1019 3378 1182 3447 humanas
1202 3376 1401 3447 moderatio-

384 3520 462 3567 nem
488 3520 526 3566 ac
547 3496 774 3585 dominatum,
792 3497 934 3589 graviter
960 3497 1121 3587 docteque
1141 3486 1321 3567 demdltrat
1339 3493 1401 3562 sic·
1484 3550 1487 3556 .

365 3625 419 3683 'ut
443 3639 486 3684 ex
513 3616 606 3687 firma
636 3642 674 3687 ac
692 3616 799 3688 libera
826 3616 974 3687 omnium
1006 3615 1155 3707 gentium
1183 3612 1343 3702 religione
1362 3608 1399 3677 et'

282 3802 285 3807 Α
384 3756 564 3819 consensu,
578 3760 621 3805 ex
638 3736 796 3827 ingenitis
815 3734 920 3804 animi
939 3732 1084 3803 motibus
1103 3751 1293 3820 supremum
1311 3727 1400 3823 judi·

382 3868 456 3915 cem
476 3848 738 3937 pertimescentis
747 3871 810 3932 ,ex
829 3846 944 3915 mundi
959 3843 1176 3915 fabricatione
1190 3860 1225 3915 et
1236 3842 1398 3926 materia,

381 3964 429 4037 ita
448 3988 491 4036 ex
509 3966 594 4037 miro
613 3984 647 4037 et
670 3964 846 4059 spectabili
865 3964 982 4036 ordine
1002 3981 1100 4056 atque
1119 3960 1307 4035 constantia
1333 3962 1400 4047 ltn-¹
