3259 4959
572 343 694 437 xerunt
713 374 922 435 tonclrcxtrtt
1189 360 1257 436 165

241 496 345 597 pionis
365 498 545 573 catholicae
564 500 780 586 rudimentis,
806 524 846 570 ac
864 500 1029 591 patienter
1047 512 1161 591 postea
1184 518 1255 591 per·

242 621 318 691 tulit
337 620 445 712 plures
464 645 586 691 annos.
606 620 744 691 Utinam
763 636 806 688 ex
821 617 893 712 ejus
906 618 1089 709 disciplina
1106 615 1255 709 profece-

238 732 323 801 rim!
344 733 417 803 Erit
438 732 521 802 mihi
541 748 629 802 certe
638 784 649 817 ‚
669 732 748 801 dum
768 730 898 815 vivam,
916 730 1060 824 jucunda
1079 730 1185 821 ipsius
1205 754 1256 798 re.

238 844 402 913 cordatio.
418 836 532 929 Abiit,
544 843 700 934 inquam,
713 842 789 927 ille,
805 842 923 912 eodem
937 855 1003 933 quc
1023 857 1121 912 antea
1132 842 1256 932 stipen.
1347 842 1351 847 '

240 960 311 1048 dio,
330 986 394 1031 non
414 986 619 1047 reversurus,
633 962 668 1029 in
689 961 832 1051 patriam
847 961 920 1031 Cal.
940 959 1026 1054 Maj.
1047 984 1123 1031 ann.
1147 958 1254 1049 1765:

240 1099 346 1169 neque
364 1080 471 1149 solum
492 1078 609 1162 nobis,
627 1078 685 1147 sed
714 1079 816 1148 etiam
836 1079 991 1148 omnibus
1015 1079 1073 1169 qui
1100 1077 1257 1147 eumdem

238 1208 391 1277 nossent,
411 1190 555 1283 virisque
584 1188 785 1259 doctissimis
814 1191 1018 1281 inexplebile
1045 1192 1095 1261 sui
1125 1191 1258 1261 deside·

239 1310 325 1379 rium
346 1309 478 1400 reliquit
492 1338 500 1379 r
512 1332 590 1401 prae
609 1310 727 1379 ceteris
747 1310 917 1379 Antonino
936 1306 1135 1381 Valseechio
1148 1328 1183 1382 et
1201 1313 1255 1382 Jo.

140 1506 142 1511 ,
239 1422 406 1517 Baptistae
436 1427 641 1521 Morgagno,
666 1446 804 1521 qnorum
834 1427 988 1499 laudibus
1008 1446 1161 1520 personat
1188 1445 1257 1499 tota

239 1542 386 1631 litrtopa.
406 1540 461 1613 Ab
481 1558 617 1635 utroque
637 1564 756 1634 magno
776 1542 811 1611 in
832 1542 955 1612 honore
972 1540 1108 1613 ltabitus
1125 1544 1257 1614 Forcel·

239 1656 347 1742 linus,
367 1659 410 1728 ab
435 1676 572 1752 utroque
598 1661 785 1747 consultus,
813 1662 945 1753 utrique
964 1661 1111 1731 maxime
1141 1685 1255 1731 carus.

239 1769 417 1842 Consultus
436 1774 537 1843 etiam
558 1773 601 1843 ab
620 1774 696 1845 aliis
715 1774 831 1844 multis
840 1826 851 1860 ,
864 1792 932 1845 eta
950 1774 1143 1844 clarissimis
1157 1774 1256 1846 loan-

238 1910 280 1957 ne
304 1890 426 1959 Poleno
450 1906 484 1960 et
513 1890 602 1962 lulio
625 1892 832 1979 Pontedera,
858 1916 940 1984 quos
968 1915 1043 1962 cum
1070 1894 1256 1985 Morgagno

237 2025 336 2093 saepe
354 2006 472 2076 solitus
499 2021 533 2074 st
560 2007 633 2096 ipse
659 2006 812 2095 AEgidius
836 2003 1025 2074 consulere.
1050 2007 1100 2074 Ac
1118 2008 1256 2098 Morga-

239 2140 322 2207 gnus
344 2117 478 2208 quidem
509 2118 598 2185 hunc
626 2140 705 2183 mox
723 2118 945 2185 discessumrn
972 2118 1169 2205 amplexus,
1187 2142 1255 2187 non

237 2234 345 2322 potuit
362 2231 427 2300 sibi
447 2256 465 2299 a
485 2230 640 2318 lacrymis
656 2248 856 2320 temperare.
868 2230 963 2301 Abiit
981 2247 1163 2318 tanren,ac
1181 2258 1254 2303 sese

239 2346 370 2419 interim
390 2349 425 2417 in
445 2348 633 2417 erudiendis
653 2326 803 2439 popidis,
823 2350 858 2417 in
874 2346 1137 2420 confessionibus
1161 2352 1255 2422 exci-

237 2462 369 2556 piendis
382 2478 539 2555 perpetuo
557 2462 721 2532 exercuit:
742 2488 818 2532 cum
835 2464 1002 2549 tamdem,
1019 2462 1161 2533 triennio
1180 2488 1255 2556 pro·

238 2584 417 2675 pemodnm
439 2581 590 2667 evoluto,
614 2582 705 2651 letali
726 2580 841 2651 morbo
858 2582 1052 2673 corripitur.
1079 2584 1155 2654 Jam
1184 2582 1253 2676 jam

237 2702 414 2771 moriturus
433 2699 596 2769 maximas
609 2700 660 2770 illi
676 2724 719 2770 ex
734 2702 847 2771 enimc
867 2702 991 2793 gratias
1009 2701 1078 2793 egit
1088 2752 1100 2787 ‚
1112 2702 1169 2793 qui
1189 2702 1255 2791 pri·

237 2836 312 2885 mus
339 2814 404 2883 sibi
428 2813 540 2883 attulit
561 2820 713 2885 nuntium
733 2816 849 2885 mortis
858 2814 975 2909 ,cujus
993 2815 1088 2908 ipse,
1107 2831 1144 2884 ut
1163 2815 1254 2885 audi

497 2890 563 2949 x

236 2935 268 3005 vi
278 2942 386 3019 ,certa
402 2933 629 3021 praesentione
648 2957 713 3002 non
725 2934 847 3004 caruit
857 2937 979 3005 Laetus
996 2934 1128 3024 aspexit
1141 2932 1254 3002 immi·
1265 2902 1601 3022 ’‘s''sms‘me

235 3072 337 3134 nens,
347 3045 798 3138 terribiliumquodomnium
818 3048 1147 3136 monimentaque
1164 3045 1252 3136 prid.

233 3164 321 3233 Non.
341 3162 446 3251 April.
466 3182 541 3229 ann.
559 3162 647 3253 1768
660 3162 747 3230 inter
764 3160 893 3232 labores
911 3163 1093 3231 exstinctus
1104 3176 1156 3230 est
1165 3212 1177 3246 ,
1190 3184 1248 3231 ae-

236 3294 344 3363 terno,
359 3294 394 3348 ut
413 3302 601 3368 speramus,
619 3302 676 3372 pro
695 3280 815 3349 iisdem
836 3280 983 3370 praemio
1005 3281 1092 3369 apud
1107 3279 1249 3369 Superos

235 3392 416 3483 potiturus.
436 3392 620 3463 Piacularia
639 3394 725 3463 inter
746 3416 838 3463 sacra
857 3394 1008 3463 laudatus
1027 3393 1091 3463 tuit
1108 3394 1151 3464 ab
1174 3397 1246 3464 An·¹
1344 3465 1348 3476 ,

234 3506 324 3577 ιοιίο
343 3507 446 3593 Cord,
461 3506 542 3579 olim
561 3506 709 3603 ejusdem
728 3506 904 3581 seminarii
924 3509 1073 3601 patarini
1092 3508 1245 3581 alumno.
