3259 4959
416 328 484 420 ssia
886 345 970 404 rr'rlt

414 480 478 545 rior
504 465 660 559 deinceps
689 469 805 539 eadem
834 483 867 536 ot
894 466 1077 558 expolitior¹
1099 467 1142 538 ad
1168 466 1267 543 istam
1288 471 1441 550 tamdem

415 594 672 667 concinnitatem
709 590 878 680 peruenit.
916 591 1023 659 Docet
1056 589 1117 656 hoe
1150 589 1224 684 ipso
1259 587 1445 686 opusculo,

417 717 498 784 alius
520 729 688 803 praeterea
707 712 857 799 linguas,
878 727 963 802 quae
981 707 1068 798 apud
1088 707 1189 782 Italos
1209 711 1338 780 suntin
1358 737 1419 786 usu
1430 767 1442 804 ,

417 833 567 923 sequenti
603 831 733 904 saeculo
772 829 913 915 primurn
951 843 1067 896 ortas.
1096 829 1240 907 Jacobus
1275 831 1442 904 Antonius

415 950 598 1024 Marcellus
622 947 779 1038 patricius
808 962 943 1018 venetus
953 997 963 1032 ,
983 946 1089 1015 inscio
1114 962 1267 1032 arretore,
1286 947 1439 1024 libellum

416 1067 506 1140 linire
526 1063 681 1137 Venetiis
702 1060 828 1128 editum
852 1059 976 1130 rlicarit
994 1061 1112 1134 Joanui
1132 1062 1249 1134 Lamio
1261 1063 1361 1150 ‚uiro
1379 1065 1443 1140 do·

418 1178 568 1256 ctissime
578 1228 588 1262 ,
608 1192 642 1247 et
661 1174 789 1264 utrique
810 1174 949 1264 amico(
976 1175 1008 1262 )

463 1293 563 1363 Nune
582 1290 624 1385 de
653 1288 874 1378 explicatione
902 1288 1089 1363 chartarum
1110 1289 1260 1359 coenobii
1276 1291 1311 1364 S.
1329 1293 1437 1363 tosti.

423 1435 486 1487 uae
511 1436 530 1479 a
557 1409 713 1478 Bruaatio
741 1406 836 1480 nobis
856 1405 1026 1483 exhibita.
1047 1409 1173 1480 Harum
1192 1409 1290 1484 fidem
1309 1411 1441 1484 sedulas

420 1523 624 1616 exploravit,
653 1544 831 1615 earumque
852 1537 1046 1593 uetustatem
1068 1523 1207 1596 asseruit
1226 1523 1353 1596 erudita
1372 1525 1438 1596 dis·

419 1644 624 1725 scitatione,
649 1666 747 1732 quarn
776 1666 852 1712 aran.
889 1643 974 1732 1763
1000 1643 1170 1716 monachis
1193 1640 1381 1738 jubentibus
1401 1643 1439 1716 in

421 1753 530 1840 lucens
564 1758 656 1838 misit
689 1762 743 1850 (2)
776 1776 924 1831 ornatam
951 1759 1083 1830 nomine
1106 1757 1242 1832 loannis
1263 1759 1439 1850 Augustini

418 1879 598 1956 Gradenici
629 1877 775 1967 episcopi
804 1875 960 1970 clujensis
985 1878 1038 1968 (3)
1048 1929 1059 1966 ,
1079 1876 1135 1966 qui
1163 1876 1204 1950 de
1233 1899 1266 1949 re
1291 1876 1441 1952 taumatia

420 2011 455 2070 et
481 1992 695 2084 diplomatica
724 1992 818 2060 docte
846 1989 1039 2081 scripserat,
1062 1991 1192 2084 ipsique
1208 1987 1330 2066 librum
1349 1991 1443 2062 dica.

423 2127 532 2185 rorat.
556 2113 666 2202 thue
685 2110 802 2184 eadem
824 2109 929 2202 magis
948 2108 1106 2182 arrideret
1124 2110 1299 2206 episcopo,
1319 2110 1444 2206 adjecit

424 2241 578 2313 ornatus,
598 2249 656 2295 suo
676 2247 839 2317 quernque
860 2239 1052 2313 argumento
1075 2247 1255 2296 consonos:
1284 2224 1443 2316 quasdam

419 2337 548 2416 seilicet
572 2337 794 2410 aedificiorum
810 2337 958 2426 species,
973 2353 1159 2410 sanctorum
1175 2338 1439 2439 lrominumpri-

422 2478 495 2532 scas
513 2455 694 2544 imagines,
706 2454 849 2544 lapidem
871 2477 945 2526 eum
966 2477 1024 2524 sua
1043 2453 1276 2544 inscriptione,
1290 2471 1440 2528 monetas

423 2576 525 2660 alibi,
553 2574 694 2671 denique
722 2572 831 2649 bullas
860 2572 1058 2662 plumbeas.
1079 2573 1141 2650 llis
1161 2573 1289 2648 accedit
1316 2574 1444 2668 aliquid

420 2697 463 2771 tie
483 2697 638 2789 patavino
669 2693 813 2781 theatro,
842 2694 928 2791 quod
950 2693 1045 2784 vulgo
1064 2691 1190 2766 Zeira.
1211 2698 1289 2782 Erat
1308 2696 1388 2766 olim
1414 2697 1442 2766 i,

422 2817 498 2893 stud
526 2815 561 2885 in
590 2814 663 2883 loco
684 2815 739 2904 qui
766 2813 887 2885 dieitur
910 2816 1044 2886 Pratum
1075 2811 1207 2886 Vallis.
1227 2813 1301 2884 Fuit
1329 2832 1442 2890 aurem

420 2933 622 3036 jampridem
643 2934 787 3010 dirutum
808 2933 883 3026 (4).
903 2934 957 3005 Sio
976 2933 1151 3005 Bruuatius
1171 2931 1317 3018 varium,
1337 2948 1375 3006 ut
1392 2933 1443 3012 ita

765 3079 1096 3114 „ammomum-mue

467 3157 518 3236 (ι)
546 3155 688 3244 Opusculi
711 3156 811 3217 titulus
839 3169 883 3215 est
909 3155 1092 3236 hujusmodi:
1114 3157 1243 3222 Lesa'ons
1271 3155 1448 3231 d'ingrcsso

432 3257 698 3327 seerccademra
720 3258 766 3316 de’
784 3257 935 3318 Ricovrnti
954 3259 987 3319 dt
1006 3259 1130 3320 Pedona
1151 3259 1203 3318 det
1220 3262 1277 3336 sig.
1296 3257 1364 3321 abb.
1392 3258 1449 3326 Jo,

427 3358 589 3441 Brunocci,
610 3383 662 3420 ove
695 3365 721 3421 si
742 3373 837 3420 tracta
868 3359 949 3420 delle
967 3362 1083 3424 antiche
1110 3365 1216 3441 origini
1239 3361 1322 3422 della
1341 3363 1449 3438 tingue

428 3471 549 3545 volgare
571 3469 617 3528 de'
629 3469 783 3534 Padusam
804 3492 820 3528 e
839 3469 991 3540 d'ltatta,

470 3571 519 3650 (2)
537 3570 651 3639 Patavii
668 3571 741 3659 typis
758 3571 891 3642 Conaatti
907 3595 971 3640 cuin
990 3572 1045 3640 hoe
1059 3573 1163 3637 titulo:
1182 3573 1362 3638 Chattorum
1379 3591 1450 3631 coe-

423 3679 505 3749 nobit
522 3678 548 3738 S
551 3723 558 3746 ,
575 3679 712 3742 Justr'nne
732 3685 890 3762 explicatio
912 3682 943 3751 in
963 3689 992 3760 4,

469 3784 520 3861 (3)
543 3784 652 3840 Auctor
671 3763 829 3864 c·lujeasem
847 3799 962 3874 usurpat
978 3805 1029 3868 pro
1043 3785 1203 3846 clodiensi.

469 3885 518 3966 (4)
540 3886 589 3944 De
609 3883 711 3946 eodem
729 3885 797 3955 vide
814 3887 959 3951 Simonem
978 3888 1103 3950 Stratieo
1116 3910 1123 3950 ε
1136 3889 1220 3956 Dell'
1231 3889 1327 3950 entier
1345 3894 1453 3956 tratre

424 3992 459 4064 ill
475 3989 622 4065 emme
