3259 4959
509 363 908 466 esnrsnrcocnorsrr
1166 363 1234 460 433

217 537 273 586 sus
292 513 377 586 luit.
396 517 491 586 Tunc
509 517 599 586 enim
619 539 638 584 a
657 513 843 586 seminario
863 513 1058 583 discesserat
1077 511 1232 583 Forcelli.

219 652 299 715 nus,
321 652 427 720 nequo
447 645 544 700 antea
563 629 670 722 potuit
689 654 732 700 ex
751 655 849 721 opere
868 629 1022 723 Maphcji
1043 629 1213 720 proficere.

264 749 330 816 Ess
349 745 461 838 itaque
480 769 576 817 voces
608 746 691 837 legit
709 747 910 842 cajetanus,
938 770 1019 838 quas
1049 747 1231 843 Maphejps
1301 761 1305 765 ’

217 859 271 929 rel
290 860 407 931 dubias
426 861 547 944 habet,
565 861 619 930 vel
638 883 769 951 prorsus
788 859 919 952 rejicit3
937 862 1140 932 Foreellinus
1172 888 1232 933 au-

215 993 282 1046 tern
302 992 336 1046 et
352 991 457 1048 certas
476 992 590 1070 putat,
610 994 644 1048 et
662 979 758 1050 Latio
778 979 900 1068 donat3
918 1002 997 1049 rnox
1014 981 1104 1050 idem
1125 981 1234 1076 subji-

214 1088 280 1160 cit:
299 1086 360 1158 tas
378 1113 440 1182 ego
458 1115 546 1161 nunc
563 1087 607 1162 ob
625 1091 740 1162 oculos
755 1115 879 1182 ponam
898 1145 908 1162 .
933 1147 941 1163 .
964 1149 973 1164 .
994 1149 1003 1164 .
1022 1149 1030 1165 .
1050 1093 1141 1186 ipsas
1154 1095 1231 1186 ple·

212 1231 352 1298 rumque
379 1205 547 1296 tubulos(
573 1206 660 1276 unde
691 1207 819 1276 scilicet
846 1231 906 1277 eae
933 1209 1162 1304 desumptae)
1188 1224 1229 1285 uc

211 1318 303 1412 ipsae
321 1318 566 1409 quodammodo
581 1345 643 1410 pro
661 1347 698 1394 se
716 1321 915 1412 loquantur.
937 1324 1059 1397 Dicam
1077 1352 1140 1420 ego
1157 1327 1226 1398 ati-

35 1525 37 1536 Ι
102 1483 104 1488 -
213 1438 297 1532 quid
309 1434 514 1530 aliquando,
534 1435 720 1506 verecunde
738 1449 854 1510 tomen
871 1462 913 1508 oc
930 1436 1128 1509 dubitanter
1151 1444 1167 1533 (
1191 1446 1225 1534 ).

212 1555 269 1628 Sic
287 1558 317 1628 is
336 1579 416 1650 prae
434 1556 787 1628 madaurensem
807 1579 878 1625 reru
897 1579 1067 1648 aggressus
1085 1557 1227 1626 multam

210 1670 338 1762 etipse
368 1668 511 1764 praefert
539 1670 796 1763 intulligentiam
834 1671 883 1741 rei
914 1670 1120 1762 lapidarias.
1156 1670 1227 1741 Ubi

211 1789 391 1886 Maphejus
410 1791 507 1861 certis
527 1789 702 1882 principiis
721 1790 819 1859 nixus
838 1812 980 1859 errorem
1000 1789 1124 1880 arguit,
1143 1813 1226 1858 cou-

210 1916 408 1987 sentientem
427 1911 529 1984 habet
547 1910 764 2004 Cognolatum
785 1911 860 2002 (ης
878 1910 962 1981 alibi
978 1933 1055 1980 vero
1072 1910 1128 1980 hic
1147 1934 1225 1980 eum

208 2055 247 2102 eo
267 2027 491 2122 congreditur,
511 2049 598 2094 nune
617 2024 706 2119 ejus,
730 2048 829 2114 quern
849 2023 980 2114 Scipio,
999 2039 1036 2093 ut
1054 2023 1222 2113 ignotum,

206 2149 345 2244 negligit
371 2201 382 2234 ,
411 2143 641 2216 auctoritatem
670 2142 844 2213 vindicans
870 2158 905 2212 et
923 2165 1092 2233 opponens
1128 2145 1183 2233 (ὅ)
1209 2172 1219 2214 t

207 2285 294 2334 nunc
313 2284 491 2354 provocans
511 2257 656 2338 adalius
680 2256 809 2326 tabulas
828 2271 863 2325 ct
881 2256 948 2326 alia
967 2281 1129 2326 marmora
1145 2260 1219 2350 (ωε

206 2399 293 2448 nunc
313 2375 355 2446 ad
374 2374 512 2458 eadem,
532 2372 591 2442 sed
610 2371 793 2442 accuratius
818 2371 1039 2441 nForcellino
1065 2372 1220 2461 explora-

206 2508 240 2563 ta
260 2494 335 2586 (5);
353 2492 397 2566 ad
427 2490 646 2584 peritissimos
681 2486 891 2578 antiquitatis
917 2485 1113 2576 interpretes
1140 2487 1218 2576 (6).

204 2612 268 2682 His
292 2611 385 2682 idem
412 2609 542 2680 videtur
572 2609 620 2678 uti
644 2605 933 2693 familiarissime3
961 2603 1108 2677 maxime
1139 2629 1216 2676 vero

202 2730 351 2816 Ursato,
377 2727 561 2812 Fabretto,
592 2724 871 2811 Montlauconio,
899 2723 1099 2797 Muratorio.
1122 2722 1213 2813 Quin

205 2865 283 2912 eum
311 2866 377 2912 non
405 2841 510 2913 semel
535 2837 657 2910 refellit
685 2839 753 2910 suis
772 2837 931 2910 doctrinis
944 2837 1017 2929 (7).
1041 2836 1149 2907 Solers
1177 2834 1212 2906 in

202 2955 356 3026 omnibus
375 2954 589 3026 examinandi
616 2953 763 3026 studium
773 3003 787 3040 ,
804 2952 1013 3046 prudensque
1030 2949 1211 3047 judicium.

202 3073 243 3150 Id
270 3073 381 3146 arrisit
403 3073 583 3166 plurimum
602 3059 761 3146 eruditis.

542 3279 875 3314 ΜΜΜΜΜΜΜΜ

243 3383 293 3460 (1)
314 3383 350 3442 1¹²
368 3379 459 3460 preel-
478 3379 634 3444 Foreellini
652 3379 746 3442 lexico
764 3376 919 3460 praemissa
935 3392 1000 3457 pag.
1017 3373 1076 3437 XI.

239 3491 291 3572 (a)
311 3486 423 3550 Ibidem
437 3509 503 3570 pag.
524 3489 598 3555 XV.

239 3592 290 3676 (5)
312 3589 422 3652 Ibidem
441 3610 508 3673 pag.
526 3589 649 3654 XXIV.

238 3703 290 3783 (4)
309 3699 385 3765 lbid.
398 3720 466 3783 pag.
486 3700 574 3762 xm.
595 3699 671 3766 XV.
689 3696 779 3763 XVI.
905 3715 911 3730 ι

238 3805 291 3888 (5)
312 3802 389 3867 rura.
408 3823 473 3888 pag.
493 3803 599 3870 xvir.

237 3912 291 3993 (c)
311 3909 388 3974 rua.

236 4015 290 4110 ,(7)
310 4013 387 4078 thid.
406 4013 583 4170 μεθέξω.
604 4025 633 4076 et
649 4009 742 4084 otti.
