3259 4959
521 377 644 432 tecum
663 366 890 434 subruentur
1155 359 1222 454 273

204 501 322 576 luisset
333 499 412 590 ,sed
426 503 530 591 illud,
549 507 636 598 quod
653 508 906 602 multominus,
925 521 963 576 ut
979 503 1139 579 nimirum
1157 531 1220 600 pa-

207 636 296 690 ratus
316 636 403 691 esset
423 637 499 710 apte
528 622 734 711 scienterque
753 621 934 705 disserere,
954 619 996 690 de
1015 621 1165 713 qualibet
1183 646 1222 697 re

206 734 411 826 theologica,
438 757 523 827 quae
541 734 578 804 in
604 733 864 826 disputationem
883 735 1046 806 venisset:
1066 735 1167 827 idque
1185 738 1223 806 in

208 871 328 942 magna
348 851 550 920 eruditorum
570 871 709 918 corona.
734 849 936 937 Quare.hoc
964 865 1131 924 certamen
1158 874 1226 920 uon

209 962 275 1030 nisi
295 962 524 1054 paucissimis,
543 977 579 1030 ct
596 961 730 1051 ingenio
749 984 826 1050 prae
846 961 922 1032 aliis
941 961 1095 1034 omnibus
1112 965 1225 1043 excel-

205 1077 352 1149 lentibus
384 1079 496 1150 subire
521 1101 715 1148 concessum
733 1094 827 1165 erat3
855 1079 890 1147 in
920 1079 1220 1172 hissBellogrudo.

208 1197 277 1267 Ubi
295 1197 361 1268 hoc
379 1196 566 1288 percrebuit
575 1249 586 1281 ,
597 1214 718 1289 magna
735 1197 909 1267 hominum
922 1199 1143 1288 exspectatio.
1157 1197 1226 1272 Ubi

207 1327 319 1380 autem
339 1309 577 1401 praescriptum
606 1324 737 1399 tempus
765 1309 921 1395 advenit,
948 1310 1064 1402 ingens
1092 1327 1227 1402 repente

207 1424 313 1496 lautus
331 1449 374 1495 ex
393 1443 461 1494 tota
481 1424 561 1494 urbe
574 1447 766 1495 concursus.
788 1425 937 1495 Aderant
954 1449 997 1496 ex
1015 1426 1164 1516 quolibet
1179 1451 1229 1496 or·

209 1541 288 1610 dine
306 1539 443 1609 litterati
463 1537 526 1607 riri
551 1555 585 1608 et
605 1538 764 1608 illustres:
783 1539 933 1610 omnium
953 1540 1040 1610 oculi
1062 1541 1098 1612 in
1116 1563 1156 1612 eo
1176 1541 1232 1610 de-

206 1655 283 1729 fixi.
304 1658 368 1728 Ille
395 1657 551 1727 omnibus
576 1673 730 1748 prompte
758 1681 950 1743 occurrere,
981 1681 1040 1728 seu
1062 1675 1230 1750 peteretur

208 1775 270 1866 (ut
292 1772 359 1843 dici
376 1771 515 1863 solst)a
534 1771 725 1862 tergo,sivs
743 1796 762 1842 a
782 1771 959 1860 lateribus,
976 1773 1046 1844 sire
1062 1798 1083 1844 a
1099 1771 1229 1846 frontet

207 1892 375 1983 explicare
392 1890 508 1960 omnia
526 1905 562 1959 et
588 1891 731 1961 enodare
757 1894 913 1964 solerter.
943 1891 1037 1964 Idem
1066 1891 1227 1984 postridie

206 2029 316 2076 rursus
335 2004 485 2075 renotari
503 2019 694 2076 certamen.
710 2006 857 2076 Biduum
875 2004 967 2077 enim
987 2006 1097 2078 eidem
1120 2005 1227 2078 linerat

206 2125 441 2194 constitutum:
461 2122 549 2192 unde
568 2123 627 2194 ille
646 2123 719 2214 pari
738 2121 898 2194 felicitate
911 2146 947 2194 se
967 2124 1135 2222 expsffl,
1152 2148 1230 2196 cun·

213 2242 278 2312 ctis
288 2294 298 2327 ‚
318 2244 375 2332 qui
394 2240 578 2330 disputanti
595 2240 794 2324 intererant,
812 2239 1068 2310 admirantibus.

253 2363 317 2430 Per
334 2349 424 2428 hacc
436 2357 555 2427 eadem
574 2374 724 2449 tempora
742 2358 866 2430 librum
894 2359 1027 2452 scripsit
1053 2357 1097 2428 dc
1121 2355 1228 2430 inter-

204 2473 416 2568 pretotione‚
435 2470 530 2568 cujus
559 2472 689 2542 nullum
708 2473 816 2565 potuit
835 2473 942 2546 adbuc
962 2473 1143 2565 vestigium
1166 2475 1227 2545 de-

208 2588 294 2680 tegi.
313 2584 455 2678 Scripsit
473 2602 509 2656 et
531 2587 680 2678 poetica,
698 2587 785 2657 inter
807 2610 892 2678 quae
918 2587 982 2659 duo
1001 2587 1105 2678 lyrica
1124 2612 1230 2680 quae·

207 2709 288 2774 dam
307 2708 462 2791 cantica,
480 2729 619 2797 quorum
638 2706 779 2778 alterum
798 2731 874 2777 cum
893 2705 968 2777 eliis
989 2705 1127 2779 causticis
1150 2705 1225 2778 cdi-

210 2833 280 2887 tum
301 2843 320 2888 a
339 2818 502 2911 Frugonio
528 2818 591 2888 sub
619 2820 754 2890 nominc
770 2821 967 2913 Amphrysii
988 2821 1124 2906 Uranii3
1148 2841 1226 2911 pro·

203 2929 317 3001 latum
335 2933 476 3002 alterum
485 2983 498 3019 ,
509 2956 585 3002 cum
596 2933 793 3010 solemniter
807 2953 980 3028 agerentur
988 2935 1072 3010 festa
1089 2935 1228 3011 Joannis

205 3045 376 3115 Francisci
394 3047 495 3139 Regis
521 3046 673 3120 divomm
703 3071 840 3124 numero
863 3048 1008 3122 inserti.
1038 3053 1226 3142 Utrumque

209 3161 370 3234 feliciter.
387 3166 565 3257 Ductorem
583 3168 685 3240 etiam
698 3171 883 3266 angelicum
904 3169 1024 3246 extulit
1038 3169 1142 3244 latino
1160 3193 1232 3249 car-

208 3278 320 3360 mine,
338 3277 375 3345 in
397 3301 463 3368 quo
481 3280 608 3373 ingenii
635 3284 816 3374 plurimum
827 3337 837 3371 ‚
857 3301 890 3356 et
908 3284 1095 3362 reconditae
1115 3284 1229 3354 Male·
1325 3349 1329 3358 .

207 3393 359 3466 branchii
375 3392 560 3466 doctrinae.
578 3399 677 3471 Unde
695 3425 761 3470 nou
779 3399 905 3486 deluit,
916 3401 972 3492 qui
992 3423 1070 3476 eum
1093 3399 1135 3472 de
1150 3399 1227 3472 obs·

208 3510 349 3582 caritate
375 3509 607 3599 accusaverit3
630 3514 684 3584 cui
704 3514 783 3605 ipse
810 3514 981 3606 respondit
997 3565 1008 3600 ,
1027 3535 1064 3586 se
1090 3513 1227 3606 quidem

205 3627 382 3722 scripsisse
398 3624 589 3721 incognita,
613 3655 681 3702 nou
708 3632 847 3703 obscura
875 3633 944 3728 (1).
969 3632 1090 3728 Neque
1116 3633 1224 3708 solum

553 3836 885 3876 mosomum-sss

248 4003 302 4084 (ι)
324 3969 613 4160 conmentarbdslla
631 4003 693 4072 rita
712 4025 771 4070 ccc.
786 4025 853 4094 pap.
877 4005 928 4090 ιθ,

489 4108 506 4156 t
