3259 4959
518 409 520 411 ¹
546 395 665 448 steort
684 383 907 448 stamnum
1170 376 1238 468 2187

220 517 342 610 phonsi
360 513 469 589 fratris
485 517 561 607 (1),
585 513 678 606 cuius
705 511 950 584 immortalitati
970 511 1104 585 studens
1124 541 1237 588 consu·

220 637 308 720 lere,
327 659 406 705 suae
423 633 603 705 consuluit.
617 631 792 724 Siquidem
803 631 878 726 'eitra
897 632 1010 702 laudes
1029 657 1150 702 nomen
1165 657 1240 726 pro·

219 748 385 838 pagabunt
402 747 600 816 laudatoris.
619 743 723 835 cujus
740 743 1108 838 ingeniumtnultiplex
1126 747 1237 817 multi-

218 865 299 955 plici
320 863 465 933 doctriua
483 861 662 945 excelluit,
684 860 891 950 politioribus
921 859 1062 946 litteris,
1079 877 1117 930 et
1143 887 1238 933 seve-

219 980 359 1049 rioribus
377 978 544 1063 scientiis,
560 991 631 1046 arte
647 975 776 1066 poetica
792 993 826 1045 et
838 979 979 1048 oratoria
988 1031 999 1064 ,
1017 972 1152 1069 prolana
1167 1004 1238 1049 eru·

220 1091 345 1160 ditione
365 1107 399 1160 et
414 1111 525 1160 sacra.
545 1090 640 1158 lrlern
657 1086 842 1178 theologica
863 1087 963 1178 probe
983 1107 1136 1176 noverat,
1155 1093 1239 1162 mul·

219 1225 290 1278 tum
315 1206 446 1278 valebat
466 1209 503 1276 in
526 1206 694 1297 physicis,
712 1206 749 1274 in
767 1205 1008 1296 metaphysicis
1037 1231 1114 1277 reso
1133 1208 1240 1299 pluri-

220 1349 314 1396 mum
335 1381 346 1410 ,
369 1341 443 1404 erat
464 1321 499 1392 in
526 1322 772 1393 mathematicis
800 1325 896 1413 louge
922 1323 1086 1396 eximius.
1110 1325 1240 1395 Calluit

221 1441 355 1532 insuper
371 1445 480 1534 plures
501 1442 628 1534 linguas
648 1443 867 1533 transalpinus
881 1459 917 1512 et
937 1439 1187 1528 transmarinas,
1202 1445 1239 1512 iu

124 1563 129 1577 ’
222 1558 341 1650 primis
357 1581 531 1650 graecam,
549 1583 655 1650 eaque
672 1556 900 1630 delectabatur
920 1579 1138 1648 magnopere:
1163 1558 1239 1629 isci-

221 1693 312 1740 snam
332 1697 409 1741 vero
426 1673 550 1743 latinae
569 1689 603 1743 et
621 1669 722 1744 italae
750 1670 925 1740 scientiam
948 1667 1091 1758 habuit3
1110 1688 1238 1744 utram-

219 1811 287 1878 que
305 1790 478 1861 scribendo
496 1787 648 1860 attioris
664 1790 772 1860 mults
791 1776 869 1860 crim
890 1787 1054 1880 elegantia
1074 1803 1107 1858 et
1136 1813 1240 1860 tenu·-

112 1995 116 2001 ,
222 1917 326 1990 state,
346 1929 429 1994 quae
447 1904 518 1973 laus
545 1929 585 1973 eo
613 1903 806 1995 gloriosior,
831 1929 897 1995 quo
916 1903 1031 1972 rarior.
1053 1902 1121 1972 Atii
1146 1906 1237 1976 eni-us

222 2018 288 2087 alis
307 2042 341 2088 re
358 2020 477 2090 ceteris
495 2033 664 2113 praestant
675 2047 714 2091 :e
730 2020 808 2088 huic
829 2019 981 2088 versatile
1001 2019 1172 2110 ingenium
1188 2023 1237 2091 sic

220 2161 241 2196 s
256 2136 378 2222 pariter
395 2135 438 2204 ad
455 2135 569 2203 ornuia
588 2133 649 2201 fuit
659 2183 670 2216 ,
685 2148 722 2200 ut
741 2149 854 2200 natum
871 2133 916 2202 a‹l
936 2132 972 2200 id
991 2155 1093 2203 uuum
1111 2134 1239 2205 diceres

223 2272 244 2308 n
257 2250 487 2340 quodcumque
503 2266 633 2340 ageret.
654 2248 726 2318 Liv.
745 2246 770 2318 l.
789 2251 846 2342 39.
864 2267 896 2317 c.
917 2249 1028 2320 alim.

563 2421 894 2450 ΜΜΜΜΜΜΜΜ

265 2527 314 2608 (r)
334 2523 427 2587 Nonis
447 2521 619 2588 Novembris
640 2551 707 2588 aun.
734 2525 935 2608 1713,quinto
955 2521 1144 2586 decimotero
1164 2538 1241 2588 aeta·

226 2631 285 2699 tis,
306 2629 335 2689 in
356 2632 485 2712 patavini
505 2627 656 2694 seminarii
672 2631 800 2691 alumnos
821 2629 980 2714 descriptus
1004 2631 1096 2690 fuerat
1110 2626 1239 2713 Alpbon·

225 2750 274 2790 sus
287 2729 406 2792 nitido
425 2731 540 2814 iugenio
558 2747 618 2793 erat
629 2732 679 2793 ille
693 2747 722 2793 et
729 2729 909 2816 perspicaci,
925 2745 983 2793 mm
1000 2731 1144 2815 plurima,
1165 2755 1238 2820 qnae

224 2830 316 2916 ipsum
327 2833 471 2915 ingenium
484 2832 738 2911 acuit,iuslustris.
751 2834 988 2919 Quinquensium
1007 2835 1120 2897 circiter
1128 2835 1176 2901 hic
1192 2859 1240 2904 exe

225 2935 300 3016 egis,
315 2951 344 2998 et
361 2952 474 3020 prestes
487 2937 659 3000 rhetoricam
675 2938 818 3020 graviores
837 2937 921 3010 susm
933 2935 1040 3006 auur
1053 2923 1242 3021 discipulum,

221 3039 290 3097 Post
306 3037 391 3102 rediit
410 3041 442 3100 in
459 3042 599 3121 patriam,
617 3041 716 3121 ibique
731 3040 907 3104 medicinam
916 3042 1061 3126 professus
1081 3055 1144 3106 est.
1164 3044 1241 3103 Eru-

223 3142 300 3207 ditus
319 3145 380 3228 ipse
399 3145 525 3208 eruditos
548 3147 655 3208 coluit.
679 3148 867 3228 Antiquitatis
886 3146 1034 3208 studiosus
1055 3149 1252 3230 fragmentum

226 3253 330 3313 veteris
349 3275 472 3333 gemmae
497 3256 553 3316 sibi
580 3255 780 3333 illustrandum
799 3257 948 3341 proposuit
964 3253 1080 3316 erudita
1101 3256 1243 3338 epistola,

223 3355 258 3416 ‚in
276 3378 329 3434 qus
349 3356 423 3416 illud
440 3353 550 3439 quoque
568 3359 715 3435 ostendit,
728 3361 766 3421 ad
783 3359 888 3418 bonam
907 3359 1033 3440 corporis
1051 3355 1244 3420 valetudinem

225 3461 354 3520 conferre
372 3459 525 3540 plurimum
544 3476 632 3521 artem
651 3461 806 3521 musicam.
828 3463 875 3520 De
896 3461 949 3520 hoc
972 3479 1055 3544 opere
1076 3459 1164 3520 multa
1178 3475 1244 3523 cum

227 3553 312 3622 laude
339 3561 548 3644 ephemeridum
571 3562 613 3624 rei
638 3562 792 3624 litterariae
812 3563 963 3644 scriptores
985 3562 1111 3643 (Annali
1127 3564 1246 3626 lettera·

227 3667 252 3748 ri
273 3669 498 3731 d’1utiaT0m.
525 3672 567 3730 111
595 3693 660 3754 pag.
681 3672 776 3751 ary.)
793 3713 801 3732 .
818 3669 977 3754 euacipua
996 3685 1092 3732 tamen
1117 3665 1245 3753 ejusdem

227 3775 291 3838 laus
307 3776 430 3859 petenda
439 3776 524 3838 nobis
543 3779 580 3840 ab
601 3780 662 3860 ejus
681 3780 823 3845 moribtts.
836 3780 903 3872 Fuit
914 3777 1048 3862 «religioni
1059 3780 1182 3847 mamare
1194 3777 1245 3838 arl-

224 3883 345 3962 siiotus,
365 3885 404 3946 ad
418 3888 585 3950 societatem
600 3889 711 3969 (setus,
728 3887 889 3968 modestus,
914 3888 1063 3966 liberalis,
1076 3887 1245 3972 jurgaturus,

221 3989 360 4060 ominibus
378 3992 592 4058 mmmm».
