3259 4959
286 380 290 391 ⁵
399 413 500 468 toan.
524 412 709 466 mancum
728 410 919 465 sannarum
937 412 1042 466 cano.
1160 390 1228 463 233

213 512 468 622 animensis,
495 560 594 629 quam
622 558 770 605 summus
796 534 949 605 Pontifex
978 560 1052 604 eum
1073 532 1230 604 determit

213 653 358 745 imperio
378 656 545 747 religionis
566 658 581 745 ζ
606 656 639 745 ).
659 652 714 723 Bis
734 652 873 724 llomam
894 676 928 723 se
948 654 1088 722 contulit
1106 652 1146 721 ad
1169 676 1228 721 va-

214 771 326 842 ticana
353 772 490 843 comitia
517 772 737 862 celebrnpda3
760 772 910 864 'primum
935 796 1010 840 cum
1038 770 1230 840 innocentio

214 886 316 969 Xlll,
341 903 414 975 post
432 910 506 955 curn
539 884 717 956 Benedicto
743 887 866 977 pariter
892 878 978 954 xm
997 884 1152 953 traditum
1180 881 1232 951 est

217 997 366 1086 regimen
386 998 532 1087 gentium
546 997 796 1067 christianarum
812 998 990 1067 .0mnium
1005 996 1070 1063 sibi
1081 994 1231 1065 devinxit

217 1111 346 1179 animos
375 1111 520 1179 moribus
550 1111 757 1194 mitissimis,
775 1128 808 1179 et
829 1110 871 1181 ad
890 1134 1004 1200 pacem
1033 1108 1230 1200 propensis.

217 1223 439 1313 Repentinum
459 1244 564 1312 paene
585 1238 723 1290 mortem
744 1222 872 1291 Patavii
893 1223 1035 1312 oppetiit
1057 1242 1232 1312 oppressus

194 1416 200 1426 ,
221 1341 394 1410 rheumate
416 1343 465 1409 Vl
483 1341 555 1407 Cal.
575 1340 729 1408 Fehnrar.
750 1364 802 1407 an.
828 1342 924 1432 1730.
940 1340 1042 1408 Suum
1057 1362 1174 1427 corpus
1188 1336 1230 1405 si·

220 1478 262 1523 ne
284 1455 378 1523 titulo
395 1454 491 1523 condi
510 1453 613 1522 voluit
631 1453 797 1521 communi
815 1453 1045 1543 episcoporum
1062 1450 1231 1539 sepulcro,

217 1588 255 1641 ut
274 1587 369 1641 anteo
389 1573 588 1662 jusserat,et
607 1594 646 1640 eo
664 1572 735 1640 loco
756 1572 853 1661 poni,
866 1572 901 1638 in
921 1593 986 1661 quo
1002 1566 1129 1635 tamdiu
1143 1566 1235 1657 quie-

217 1703 332 1754 verant
352 1685 548 1754 venerabilis
568 1686 618 1753 sui
651 1685 757 1775 patrui
784 1708 873 1753 ossa.
892 1673 1039 1751 Robusto
1062 1696 1096 1749 et
1122 1679 1233 1768 ampla

217 1804 365 1871 oratione
375 1856 384 1889 ,
404 1826 488 1893 quae
512 1820 624 1893 postea
644 1802 734 1873 edita
753 1805 827 1897 (2),
848 1802 998 1873 laudatus
1017 1816 1068 1869 est
1087 1823 1107 1867 a
1134 1798 1235 1869 Seba-

216 1921 325 1989 stiano
343 1925 509 1991 Franzono
529 1924 712 1993 studiorum
736 1923 913 1995 Seminarii
943 1922 1089 2014 patavini
1109 1914 1236 2011 praefe-

216 2053 287 2122 oto,
317 2038 372 2109 die
403 2042 572 2133 trigesima
598 2042 744 2111 Januarii
769 2042 802 2108 in
823 2041 1004 2109 cathedrali
1033 2039 1114 2107 aeds
1136 2037 1233 2130 hujus

216 2150 333 2219 urbis.
363 2156 396 2223 ls
415 2154 458 2222 ad
481 2155 607 2221 exitum
628 2151 776 2241 ejusdem
800 2154 957 2219 orationis
985 2150 1072 2219 hano
1096 2149 1234 2220 exhibet

217 2264 354 2337 loannis
373 2269 537 2337 Francisoi
557 2269 760 2355 imaginem,
781 2290 880 2357 quam
900 2268 1060 2361 subjicio.

264 2414 283 2450 n
303 2388 395 2468 Hae,
415 2385 542 2475 inquit,
562 2388 663 2454 nostri
686 2387 853 2455 Antistitis
872 2404 906 2457 et
923 2385 1122 2477 amplissimi
1140 2386 1233 2477 prin·

218 2528 237 2565 u
257 2498 341 2588 cipis
362 2496 451 2567 fuere
473 2499 627 2583 virtutes,
649 2501 822 2589 pastoralis
843 2502 987 2569 muneris
1006 2516 1116 2591 partes
1141 2516 1234 2567 tran·

217 2644 237 2684 u
255 2618 358 2705 quillo
378 2640 509 2707 semper
526 2635 561 2687 et
579 2618 676 2687 hilari
696 2617 789 2687 obire
809 2618 920 2687 vultu:
941 2620 1041 2687 nullis
1059 2642 1165 2709 neque
1181 2619 1235 2686 iti-

218 2763 238 2801 u
256 2758 390 2820 nerum,
410 2760 517 2827 neque
535 2752 770 2830 tempestatum
790 2738 891 2807 minis
910 2740 1048 2822 redere,
1064 2762 1130 2805 non
1155 2738 1233 2806 hor-

218 2882 239 2919 n
258 2855 329 2923 rida
345 2857 510 2943 'montium
530 2857 721 2945 cacumina,
750 2882 814 2926 non
836 2858 1007 2949 perplexos
1025 2857 1162 2926 vallium
1182 2882 1237 2926 an·

218 3000 238 3036 n
257 2970 376 3043 fractus
394 2977 642 3065 pertimescere3
655 3002 719 3045 non
739 2993 851 3061 aestu,
868 3002 932 3047 non
952 2977 1088 3069 frigore,
1103 2998 1169 3045 uon
1188 2980 1235 3049 vi-

215 3114 236 3152 n
256 3085 364 3173 giliis,
382 3112 446 3155 non
461 3090 578 3159 ceteris
601 3091 821 3161 incommodis
835 3092 965 3161 concuti
975 3144 986 3176 ‚
1001 3090 1136 3182 utgregi
1153 3116 1232 3161 suae

219 3228 239 3267 u
258 3198 334 3267 fidei
354 3202 576 3294 potestatique
595 3204 782 3274 concredito
802 3204 917 3273 sedulo
935 3204 1177 3296 provideretu.

560 3356 890 3399 mmmmwsmmm

263 3508 430 3586 (1)Brixia
458 3531 537 3571 sacra
565 3532 630 3593 pag.
649 3520 717 3589 401.
746 3515 795 3575 De
815 3512 908 3575 thiara
935 3528 964 3574 et
983 3536 1103 3597 purpura
1133 3529 1236 3579 veneta

222 3638 287 3700 pag.
311 3617 377 3696 295.
397 3616 510 3678 Decad.
523 3621 577 3681 Vl.
598 3623 760 3681 Franzouus
781 3623 866 3682 Orat.
877 3622 908 3681 in
928 3623 1026 3682 sunere
1045 3626 1131 3684 Joan.
1143 3625 1234 3685 Frau'·

222 3724 292 3784 oisoi
312 3722 480 3785 Barbadioi.
512 3726 648 3789 Cardella
677 3728 819 3791 Memoris
852 3728 976 3791 storiolre
1006 3728 1054 3791 dei
1085 3729 1236 3793 cardinali

222 3830 315 3893 Tom.
335 3828 409 3887 Vlll
430 3849 494 3911 pag.
519 3830 582 3906 184.

148 3964 151 3971 ·
264 3932 313 4011 (2)
334 3932 444 3991 Patavii
465 3932 538 4015 typis
557 3936 642 3995 Joan.
661 3936 743 4019 Bapt.
766 3936 900 3999 Couzatti
920 3959 987 3997 aun.
1009 3918 1084 4019 1730
1105 3948 1134 3996 et
1161 3936 1235 4019 1737

222 4050 286 4104 pum
306 4032 368 4095 aliis
389 4032 516 4117 ejusdem
530 4036 704 4103 orationihus
716 4081 730 4115 r
