3259 4959
558 367 731 430 'maasias
749 371 905 428 rossam
1161 351 1231 430 ὅσι’

211 517 315 595 quens
338 519 409 573 erat
426 503 469 574 acl
498 495 574 574 eom
601 527 798 573 concursus.
816 502 891 595 'Ille
914 498 1067 572 omnihus
1092 503 1224 590 aderat,

213 621 271 688 obi
291 643 372 710 opus
391 633 497 688 esset:
518 641 659 709 cumque
679 617 858 707 plurimum
877 616 1002 686 valeret
1021 619 1126 708 gratia
1139 619 1227 709 apud

214 737 301 806 viros
322 736 509 828 principes,
526 737 604 806 ideo
621 735 774 828 plurimis
793 735 954 806 auxilium
983 735 1140 827 praebere
1159 753 1230 828 pot-

213 869 304 937 erat,
323 871 357 922 ct
376 849 581 941 perfugium.
729 934 732 939 Ι

258 971 343 1038 Eum
363 982 411 1036 tot
432 967 597 1057 tantisque
617 964 714 1065 relies
726 965 907 1034 distentum
925 987 1105 1054 numquam
1122 987 1232 1034 amoe-

216 1080 345 1150 triomm
365 1080 548 1150 studiorum
566 1079 677 1169 comit
695 1078 819 1148 oblivio
831 1130 838 1145 .
852 1079 1037 1147 Identidem
1049 1079 1090 1154 ad
1111 1103 1150 1148 ca
1163 1079 1234 1148 rcd-

216 1193 309 1278 ibat,
336 1216 421 1284 quae
446 1209 539 1262 tanta
565 1215 642 1261 cum
668 1193 766 1260 laude
794 1192 939 1260 coluerat
957 1217 1088 1283 semper
1110 1209 1232 1296 antea·

217 1305 358 1395 Scripsit
376 1305 480 1377 latina
498 1323 533 1376 et
552 1305 631 1375 itala
641 1357 651 1390 ,
666 1305 768 1430 „gata
779 1305 925 1376 numeris
941 1321 975 1375 et
990 1306 1233 1397 soluta.Quan'·
1276 1383 1281 1394 ,

219 1440 290 1492 tum
309 1447 405 1514 porro
424 1426 548 1504 valeret
573 1421 631 1491 ille
650 1423 686 1490 in
697 1401 798 1513 fo'eai
818 1421 954 1509 halica,
971 1424 1145 1515 perspicue
1158 1448 1233 1495 oon-

219 1552 286 1608 stat
318 1560 362 1605 ex
389 1529 611 1606 monumentis
639 1534 755 1628 ab‚eo
775 1515 928 1626 Jelictis3
947 1560 990 1614 ex
1017 1531 1233 1630 grmulatione

221 1648 418 1764 praesertim
439 1656 482 1755 acl
500 1633 662 1726 toanien
681 1637 1058 1766 Blosstamaorsetia’e
1074 1659 1180 1749 gentis
1199 1658 1235 1726 in

220 1773 292 1866 ejus
312 1773 457 1863 nuptiis:
481 1796 525 1842 ex
543 1773 690 1866 &ssione
702 1762 867 1844 larmnis
891 1771 963 1843 aS.
984 1774 1143 1866 Gregorio
1161 1774 1236 1844 Na-

221 1893 377 1964 zian'oano
395 1891 571 1981 conscripti
589 1892 624 1961 in
644 1891 777 1963 laudem
788 1875 1009 1982 'Virgirrltatis
1029 1869 1155 1984 jinrliu
1169 1892 1236 1962 Ve·
1264 1913 1268 1920 ·
1325 1898 1329 1904 '
1445 1872 1448 1880 ’

103 2091 110 2106 ¹
223 2005 323 2074 netiis
350 2005 394 2074 alr
420 2028 461 2075 co
483 2007 634 2098 volpta,
664 2028 740 2074 cum
767 2004 859 2093 virgo
882 2026 929 2111 gx
947 2003 1064 2074 eadem
1084 2003 1238 2076 Cornelia

223 2139 322 2215 gente
340 2124 523 2213 regularem
541 2123 786 2192 observantiam
806 2120 1027 2211 profiteretur.
1048 2123 1156 2208 Quem
1177 2121 1238 2190 uti-

226 2263 305 2310 nam
323 2241 349 2308 ii
368 2220 433 2308 sibi
453 2241 496 2308 ad
514 2239 715 2308 imitandum
734 2219 972 2328 propellerent,
992 2261 1072 2328 quos
1088 2238 1240 2328 aliquan-
1277 2289 1291 2308 ,

184 2372 188 2382 “
226 2355 269 2422 do
287 2355 401 2445 nugari
424 2377 496 2422 nott
510 2353 611 2445 pudet
627 2355 664 2423 in
682 2379 718 2424 re
736 2346 953 2445 gravissima.
978 2355 1116 2424 Constat
1134 2354 1237 2424 etlam

219 2474 242 2561 v(
254 2489 289 2540 ut
308 2472 374 2542 alia
392 2472 517 2542 similia
535 2473 717 2566 omittam)
735 2497 778 2544 ex
804 2473 955 2544 versione
979 2472 1089 2544 Publii
1119 2471 1238 2565 Virgi-

226 2589 264 2657 lii
292 2591 472 2674 AEocidm,
498 2591 590 2684 euius
614 2592 718 2661 editio
746 2605 918 2684 postuma.
966 2629 968 2634 ·

273 2703 361 2790 Quin
382 2703 534 2772 diuturno
552 2701 652 2774 italas
671 2729 809 2796 poeseos
832 2729 891 2775 usu
915 2728 954 2773 co
973 2703 1142 2774 facilitatis
1162 2725 1238 2793 pcr-

229 2836 380 2903 vanerat,
399 2836 436 2890 ut
454 2843 565 2892 tersus
585 2819 735 2891 tunderet
748 2823 848 2914 place
867 2845 908 2890 ex
927 2837 1088 2912 tempore.
1108 2819 1170 2888 Cui
1190 2817 1238 2888 rei
1307 2813 1308 2817 ’

229 2931 395 3030 loculento
418 2952 609 3026 argumento
626 2951 678 3005 ost
697 2959 816 3027 poema
836 2935 878 3006 ab
902 2959 941 3004 eo
968 2950 1001 3003 ct
1020 2919 1146 3003 Marco
1159 2937 1239 3002 For-

223 3046 345 3114 cellino
365 3046 433 3113 viro
452 3047 543 3118 illius
562 3047 791 3118 amantissimo
804 3048 858 3138 (r)
878 3062 1011 3137 repente
1038 3044 1170 3129 fusum,
1194 3069 1233 3114 ao

229 3178 343 3252 postca
357 3163 482 3234 editum
499 3164 669 3255 innuptiis
683 3165 884 3238 Catharinac
902 3165 943 3234 de
959 3163 1093 3234 Bellatis
1106 3159 1237 3230 feltren.

168 3298 180 3316 ·
232 3275 279 3342 sis
299 3275 506 3346 comitissae.
519 3277 653 3348 Sociunr
671 3296 841 3369 practerea
858 3279 1013 3348 eumdem
1033 3276 1150 3347 habuit
1166 3279 1242 3345 For-

231 3390 389 3461 eellimsm
408 3393 442 3460 in
462 3394 650 3464 adornanda
668 3397 814 3466 editione
832 3420 968 3489 operum
988 3394 1140 3486 Speronii
1160 3377 1240 3484 Spe-

237 3504 309 3573 rooi
329 3503 391 3572 visi
410 3503 592 3574 doctissimi
605 3531 710 3597 3quae
728 3533 814 3582 anno
836 3511 969 3600 1740in
986 3511 1094 3580 lucem
1113 3508 1239 3601 prolate

236 3643 392 3713 magnam
409 3620 488 3691 iniit
504 3623 644 3714 gratiam
664 3626 707 3694 ab
724 3627 881 3696 eruditis.
1206 3617 1208 3624 Α

576 3849 905 3878 ΜΜΜΜΜΜ

279 3996 329 4075 (r)
350 3995 428 4066 Vide
448 3997 509 4082 ejus
528 4000 618 4065 vitam
636 4002 667 4064 ia
685 4001 739 4066 lroe
756 4002 919 4070 volumine.
