3259 4959
561 385 682 439 rruosr
701 383 926 437 antecurrit
1174 373 1252 448 ,adr

283 509 371 584 llnle
389 510 489 584 allum
508 511 772 583 dissertationem
801 510 979 597 annexuit,
1003 533 1103 604 quarn
1122 515 1171 586 sic
1198 516 1253 586 in·

232 631 396 723 arripnit:
424 661 444 697 a
466 632 555 701 Dell'
570 632 705 701 inlluaso
734 630 822 724 degli
851 632 930 700 astri
961 634 1013 702 rre’
1030 634 1120 724 corpi
1147 611 1251 706 terre·

230 776 251 814 a
272 749 332 818 atri
351 777 370 814 o
388 800 397 816 .
416 748 582 839 inprime
604 746 713 838 operis
733 744 830 840 hujus
851 764 942 838 parte
961 745 1057 819 affert
1084 750 1188 820 multu
1207 774 1252 824 ex
1293 759 1301 768 '
1320 757 1328 769 '

231 861 294 947 iis,
313 888 398 956 quae
415 862 522 934 solent
540 862 637 954 vulgo
655 861 761 952 repeti
780 886 800 930 a
820 862 851 932 vi
862 915 873 948 ,
892 881 955 954 qua
975 881 1083 950 aetra,
1107 889 1250 962 praeter·

232 973 292 1044 tim
312 977 390 1046 luna
407 992 540 1067 putatur
562 995 659 1066 agere
675 976 710 1043 in
730 977 811 1044 haec
838 977 1003 1048 terrestria
1022 983 1251 1071 corporalit-

229 1110 385 1185 grumento
402 1094 561 1163 nimirum
587 1092 710 1185 profert
729 1095 903 1185 desumpta
923 1121 941 1164 a
961 1096 1128 1186 reciproco
1146 1097 1250 1167 rr'rarir

229 1226 345 1294 aestu,
374 1209 585 1301 apiseilrus,
609 1209 754 1301 morlris,
781 1191 925 1300 plantis,
954 1234 1038 1302 quae
1057 1213 1163 1284 varino
1191 1237 1250 1304 pre

227 1326 329 1395 variis
349 1343 509 1398 astrorum
528 1343 563 1397 et
581 1327 679 1397 lunae
706 1312 836 1398 viribus
864 1327 953 1397 vines
980 1327 1140 1398 subeunt.
1168 1333 1251 1402 Esse

230 1438 314 1508 lraec
337 1441 447 1532 ajunt,
467 1441 524 1531 qui
543 1439 585 1510 ab
605 1441 667 1510 lrae
686 1440 843 1532 opinione
863 1455 971 1525 stant,
990 1457 1080 1511 terta
1099 1441 1164 1512 sibi
1188 1443 1249 1512 ob·

232 1556 417 1626 servatione
436 1571 627 1647 comperta.

283 1671 409 1740 Eadem
436 1683 587 1740 accurate
614 1669 774 1760 expendit
799 1668 835 1740 in
871 1671 973 1740 altera
1008 1669 1249 1743 dissertationis

228 1803 322 1876 parte
345 1789 576 1880 usitogradns,
594 1809 775 1880 eorumque
801 1788 924 1879 partius
945 1787 1052 1879 arguit
1071 1786 1247 1875 falsitatis,

228 1901 351 1991 partim
368 1901 456 1970 inter
471 1901 596 1970 incerta
616 1899 744 1996 rejicit,
765 1922 849 1991 qnae
868 1917 979 1970 autern
999 1901 1148 1970 admittit
1166 1918 1251 1972 tam·

228 2039 328 2107 quarn
354 2041 452 2104 vera,
476 2017 519 2088 ab
549 2017 616 2086 alio
643 2040 773 2105 prorsus
799 2016 964 2107 principio
988 2015 1131 2108 repetit.
1159 2020 1247 2088 Tum

228 2127 325 2199 allert
344 2155 412 2215 ea,
448 2153 533 2221 quaa
555 2129 801 2212 demonstrant,
832 2144 868 2196 ut
895 2129 1016 2214 eredit,
1047 2130 1159 2200 lunam
1182 2155 1248 2200 non

227 2269 324 2337 poure
345 2269 441 2336 agere
458 2247 494 2312 in
515 2244 836 2336 terram,multoque
854 2243 964 2314 minus
982 2245 1018 2316 in
1037 2247 1248 2338 atmosphae·

223 2379 301 2424 ram
310 2407 322 2441 ,
336 2373 370 2424 et
388 2355 567 2445 producere
585 2377 810 2446 quaecumque
829 2354 894 2448 ipsi
913 2355 956 2426 ab
975 2356 1046 2449 ejus
1065 2355 1246 2428 fautoribus

230 2472 446 2540 tribuuntur.
477 2471 675 2539 Dissertatio
703 2471 784 2540 haee
813 2497 889 2542 curn
928 2474 1137 2564 praecedenti
1161 2498 1278 2570 anno¹

235 2585 323 2678 1757
341 2609 360 2654 e
386 2583 476 2676 typis
494 2583 617 2674 prodiit
635 2583 812 2654 seminarii
832 2587 999 2676 patavini.

275 2705 454 2794 Properare
467 2727 564 2794 cogor
579 2720 613 2773 et
633 2704 810 2796 praeterire
825 2703 959 2776 silentio
967 2707 1176 2780 Archimedis
1191 2735 1243 2782 co-

233 2822 363 2893 chleam
380 2821 558 2914 diligentur
576 2822 618 2894 ab
639 2848 678 2892 eo
699 2823 917 2915 descriptam,
932 2825 1027 2896 novis
1048 2828 1239 2899 tentamini-

233 2936 294 3008 bus
313 2939 533 3026 illustratam,
551 2956 587 3009 et
605 2940 649 3009 ad
658 2940 789 3031 plures,
800 2965 899 3033 quam
916 2958 1118 3030 eutramnus
1136 2945 1243 3017 tradu-

570 3131 900 3164 mmmm

227 3286 247 3332 p
268 3285 333 3326 taso
353 3265 393 3346 gli
414 3266 516 3337 oneri,
535 3265 588 3330 alre
606 3269 737 3350 uiepansi
756 3269 814 3332 alla
831 3269 981 3345 Divinitl,
1000 3268 1113 3334 eatlorre
1133 3293 1150 3334 a
1167 3287 1250 3354 tm·

227 3392 247 3434 a>
269 3367 385 3430 dinanzi
405 3371 460 3432 alle
477 3371 687 3435 dimnatmzierri
700 3375 850 3437 vittoriose
860 3419 869 3451 ‚
880 3376 932 3438 she
951 3391 1011 3436 trae
1029 3377 1051 3436 il
1061 3378 1093 3438 P.
1104 3377 1244 3459 Belgrrtde

228 3499 247 3540 r
269 3475 347 3538 dalld
357 3475 408 3558 piir
419 3475 512 3537 solida
527 3481 683 3542 metufisiea
700 3482 802 3543 edalla
823 3485 873 3565 pit
883 3493 973 3544 realta
984 3481 1135 3563 geometris
1145 3527 1155 3559 ‚
1165 3483 1209 3546 oh'
1219 3505 1248 3546 e-

231 3607 250 3648 »
272 3581 311 3667 gli
322 3582 469 3663 maneggir
489 3604 544 3644 nou
561 3605 620 3648 rma
637 3589 716 3649 foras
733 3588 765 3650 di
783 3590 938 3672 logica‚la
956 3589 988 3650 di
1007 3591 1053 3650 eui
1064 3590 1249 3672 inpressione

229 3709 249 3751 rr
271 3681 440 3748 invincibile
457 3697 539 3767 porra
558 3687 569 3749 i
587 3689 722 3750 tmdsri
741 3687 818 3752 tlelln
838 3691 887 3774 pin
907 3689 1042 3752 sensibile
1061 3689 1248 3770 evidenter.

230 3795 323 3861 Mdm.
340 3813 415 3875 pour
432 3792 453 3854 l
461 3792 529 3858 hist.
549 3795 602 3858 des
620 3797 729 3860 scient.
748 3811 778 3860 et
795 3796 901 3860 braun
905 3811 961 3862 artr
990 3807 1056 3860 iun.
1080 3797 1165 3880 ¹75⁸

271 3893 351 3962 Vedi
368 3897 399 3957 la
416 3895 518 3957 lettera
537 3919 578 3979 7⁰
591 3899 641 3964 rrel
659 3897 731 3972 Vol.
750 3901 795 3974 Vl
813 3897 891 3964 dolls
911 3921 1020 4052 opere
1014 3901 1093 3969 ruric
1111 3899 1143 3964 di
1158 3903 1250 3973 dnn·

199 4093 202 4098 ¹
227 4015 268 4088 pe
287 3996 403 4064 Stellini
420 4018 486 4085 pag.
506 3999 627 4066 235.
1063 4052 1067 4058 -
