3259 4959
278 274 281 279 ⁴
398 328 470 436 ild
867 345 953 414 vrit

337 547 340 552 .
394 492 486 553 terea
502 473 660 573 epistolas
679 477 829 574 ejusdem
844 478 961 572 Pogii,
979 475 1086 550 editae
1105 499 1275 570 nunqnam
1301 477 1419 572 print,

392 599 512 670 eodem
530 599 706 690 reperisset
723 598 759 667 in
776 597 890 668 codice
899 647 910 682 ,
924 612 960 666 et
976 595 1421 689 haaexacripeit3tum01i.

394 741 473 809 nae,
491 720 549 811 qui
568 717 637 811 jam
656 717 725 813 jam
743 718 849 788 iturus
865 732 935 788 erat
948 715 984 788 in
1002 715 1172 804 Gallium,
1189 741 1278 810 opuo.
1290 737 1417 798 utrum.

391 858 460 924 quc
486 837 644 924 tradidit,
670 855 705 908 ct
728 835 902 912 historiam
930 834 1080 922 scilicet,
1110 851 1146 910 et
1173 837 1352 928 epistolae,
1377 855 1418 914 nt

274 1031 287 1039 ‚
390 953 531 1028 Parisiis
558 968 731 1043 utrumqne
757 967 873 1044 postea
904 949 1068 1042 uulgaret.
1099 947 1166 1026 llio
1193 952 1282 1044 qnod
1307 952 1417 1048 jurano

392 1068 499 1142 luerat
508 1121 520 1155 ‚
538 1068 675 1138 omnino
692 1064 848 1158 implerit
858 1117 869 1155 ‚
887 1080 921 1134 et
939 1063 1147 1155 amplissimo
1166 1066 1338 1142 Gardinall
1357 1069 1414 1140 da

393 1185 533 1267 llohan,
553 1180 607 1252 cui
627 1205 663 1251 eo
679 1180 733 1250 rel
752 1179 899 1254 maxine
918 1177 1113 1256 obstrictum
1133 1197 1290 1268 noverat,
1317 1182 1417 1277 hujus

394 1295 505 1387 operia
529 1294 710 1369 editionem
729 1290 855 1367 dicarit
881 1291 1039 1389 epistola,
1058 1315 1142 1390 quae
1160 1292 1285 1387 judicio
1307 1293 1418 1374 hieto.

385 1414 456 1498 ‚rici
476 1414 572 1505 galli,
591 1437 689 1487 aureo
709 1411 850 1505 dugenti
867 1411 978 1488 seculo
996 1435 1062 1483 non
1080 1411 1231 1508 indigna.
1302 1453 1307 1464 ·

394 1609 399 1615 ‚
441 1529 611 1606 cardinali
643 1545 748 1603 morte
774 1523 904 1597 sublato
932 1549 1009 1596 ann.
1041 1527 1148 1620 1749,
1176 1523 1417 1604 bibliothecam

394 1641 490 1714 illam
510 1643 648 1735 adeptus
666 1659 718 1712 eat
740 1639 1024 1718 eminentissimus
1043 1639 1085 1716 de
1110 1638 1265 1728 Soubise‚
1283 1641 1340 1732 qui
1358 1664 1420 1718 eo-

396 1761 475 1832 dem
494 1778 529 1835 et
547 1762 619 1855 ipse
636 1762 772 1835 custode
789 1777 841 1830 est
863 1785 963 1848 naue,
982 1781 1088 1860 coque
1113 1772 1227 1850 postea
1244 1758 1312 1838 rita
1340 1757 1419 1830 lun-

398 1895 472 1967 cto‚
491 1879 582 1954 idom
602 1903 720 1956 munus
740 1878 840 1955 Oliva
858 1877 1029 1962 exercuit,
1048 1877 1207 1970 quamdiu
1229 1877 1336 1966 vixit,
1353 1877 1424 1977 jue*

397 2019 439 2064 eu
457 1993 616 2087 principis
635 1989 854 2086 cincinnio,
873 1991 927 2062 cui
953 1991 1131 2068 admodum
1150 2007 1322 2086 perspecta
1347 2008 1420 2065 erat

394 2104 491 2178 illiue
510 2106 632 2198 peritia
651 2106 725 2198 (ι).
753 2107 807 2182 Ita
825 2105 953 2182 nullum
971 2127 1116 2199 unquam
1139 2119 1269 2202 tempure
1288 2105 1420 2180 vacarit

394 2225 464 2316 ipsi
493 2249 513 2300 a
539 2223 769 2301 bibliothecae
796 2224 945 2316 negotio.
970 2222 1057 2296 Huic
1080 2222 1258 2300 accedebat
1281 2223 1421 2316 gallicae

395 2341 529 2436 linguae
545 2343 691 2418 etodium
700 2395 711 2428 ,
731 2342 784 2413 cui
804 2342 955 2434 impensa
972 2367 1009 2412 ae
1026 2341 1164 2422 dederat
1182 2342 1224 2418 ad
1243 2341 1417 2420 Gallorum

400 2455 530 2533 animoa
557 2457 623 2529 eibi
655 2456 777 2531 aretine
804 2451 1062 2545 devinciendos,
1085 2481 1106 2534 a
1136 2456 1258 2550 quibus
1286 2455 1423 2532 habitur

397 2584 570 2672 tamquam
589 2575 671 2650 ciria
690 2599 730 2647 ea
748 2572 797 2652 ibi
816 2575 980 2664 obtinuit,
1000 2600 1085 2668 quae
1102 2575 1244 2648 obtineri
1264 2576 1307 2648 ab
1329 2593 1420 2657 exte-

400 2687 447 2764 ln'a
466 2713 634 2788 nunquam
649 2689 772 2763 solent.
796 2690 864 2766 Sed
881 2690 923 2761 dc
942 2690 994 2763 his
1017 2690 1197 2770 hactenus,

445 2801 632 2876 Videamus
651 2825 738 2877 nuno
756 2825 821 2901 quo
839 2801 929 2880 idem
949 2803 985 2875 in
1008 2805 1114 2902 pretio
1132 2803 1232 2882 fuerit
1257 2805 1345 2898 apud
1367 2805 1422 2876 ri.

400 2939 455 2988 roa
473 2919 824 3014 litteratos.Plrilippo
842 2945 862 2998 a
880 2925 984 2992 Turre
1003 2922 1312 3016 meximeacceptns
1331 2941 1422 3020 erat,

402 3031 501 3127 eique
520 3033 626 3104 adhuc
646 3035 825 3130 juveni,ut
834 3035 978 3112 vidimus
983 3089 994 3126 ,
1010 3036 1062 3110 vir
1079 3036 1338 3112 litteratissimus
1352 3061 1424 3110 eru-

399 3149 541 3238 ndiendos
563 3153 700 3235 tradidit
721 3177 797 3224 euos
825 3173 960 3248 nepotes
980 3156 1053 3248 (2).
1072 3154 1260 3225 Familiario
1280 3152 1343 3224 fuit
1357 3137 1424 3234 ‘ca-

402 3269 500 3344 lnillo
522 3271 618 3344 Com.
646 3257 688 3344 de
707 3271 894 3350 silvestris..
915 3277 1036 3346 Comes
1045 3327 1057 3361 ,
1075 3273 1224 3346 dimissio
1242 3272 1422 3372 omnibus,

748 3501 1080 3542 *mmmm

356 3748 361 3774 Ι
446 3663 497 3752 (ι)
519 3673 636 3733 Lettere
655 3671 765 3734 erudite
786 3667 835 3734 del
855 3671 1011 3735 Facciolati
1031 3669 1061 3734 al
1079 3690 1127 3740 co,
1146 3670 1300 3734 Camndlo
1325 3669 1425 3736 Silve-

405 3777 459 3838 atri
477 3799 543 3860 pag.
567 3801 614 3842 ro.
631 3793 693 3842 not.
715 3803 743 3864 7.
763 3777 904 3866 Apostolo
925 3761 1007 3842 Zeno
1027 3779 1126 3842 lettere
1144 3777 1332 3862 Volllpag.
1350 3779 1427 3868 467.

369 3955 374 3966 ,
402 3881 479 3960 edit
498 3897 594 3948 venet.
613 3886 698 3969 1785.

444 3992 494 4073 (a)
515 3995 631 4061 Lottere
650 3997 701 4061 clt.
720 3993 771 4060 del
791 3994 947 4060 Faociolati
967 4017 1033 4084 pag.
1054 3997 1104 4064 56.
1125 4006 1187 4062 not.
1207 3993 1238 4064 6,
1379 3998 1387 4002 ’
