3259 4959
388 289 456 392 53²
852 313 937 370 vnn

387 441 459 508 Hoc
478 438 622 530 primurn
643 437 788 530 vulgavit
807 461 883 508 ann.
906 463 992 531 ¹77⁰
1010 459 1071 528 per
1096 454 1192 529 typos
1221 430 1416 513 Seminarli

390 559 557 648 patavini,
578 558 750 628 etiterum
771 583 858 626 nuno
888 562 970 648 1781
992 558 1112 627 iisdem
1133 560 1242 649 typis,
1272 560 1416 652 magnis

390 694 520 748 unctum
532 677 789 762 additamentis,
803 677 878 747 aliis
897 679 998 746 etiam
1013 677 1163 770 rejectis,
1176 681 1310 748 mutatis
1326 681 1413 749 aliis

391 812 425 863 ot
449 793 490 861 ad
508 792 679 862 meliorem
708 791 848 860 formam
878 791 1052 861 traductis.
1071 795 1256 883 Utramque
1286 793 1413 862 editio-

387 929 465 974 nem
485 903 605 974 obtulit
623 904 670 974 rei
689 904 869 974 litterariae
888 905 1068 974 triumviris
1090 906 1133 974 ad
1152 907 1285 974 eosdem
1306 929 1409 997 prue-

391 1020 492 1088 missa
512 1019 670 1108 episrola.
691 1021 784 1090 Idem
806 1044 915 1088 rursus
933 1021 1060 1089 editum
1080 1044 1155 1088 unu.
1178 1022 1281 1113 1796.

437 1133 505 1205 Ubi
525 1133 669 1225 primurn
697 1134 855 1204 emissum
877 1133 958 1219 fuir,
977 1152 1150 1225 exceptum
1169 1134 1261 1207 illico
1287 1136 1410 1224 plausu

391 1249 533 1344 ingenti.
564 1249 708 1339 Vulgata
737 1273 812 1318 vero
843 1248 991 1341 ejusdem
1019 1249 1260 1316 Dissertatione
1282 1250 1298 1338 (
1319 1273 1411 1340 quoe

391 1369 476 1454 luit,
494 1367 543 1438 uti
568 1369 733 1454 diximus,
762 1369 909 1459 praemio
928 1381 1080 1436 ornatae
1107 1367 1197 1456 regio
1220 1368 1407 1442 Academia

391 1489 657 1580 rnonspeliensi)
678 1490 813 1558 exoitari
836 1489 941 1579 magis
966 1489 1073 1556 studia
1093 1487 1265 1556 hominurn
1285 1506 1318 1556 et
1342 1515 1407 1558 nu·

393 1610 462 1698 geri
482 1610 517 1676 in
534 1609 605 1676 dies
620 1609 794 1699 praecipuo
810 1607 844 1676 in
866 1607 1052 1697 regionibns
1071 1607 1155 1675 ultra
1171 1624 1319 1674 monres.
1335 1609 1408 1676 Un-

393 1725 492 1814 dique
505 1725 632 1813 exquiri
647 1725 746 1808 liber,
760 1743 793 1792 et
807 1727 904 1815 pleno
917 1749 972 1792 ore
988 1724 1112 1792 landari
1128 1748 1148 1792 a
1167 1723 1246 1792 viris
1259 1725 1412 1793 doctissi-

391 1839 456 1908 rnis
473 1854 507 1908 et
523 1837 670 1907 ornniunr
691 1835 915 1908 celeberrimis
926 1839 990 1928 (r).
1005 1835 1263 1928 Epherneridnrn
1283 1838 1330 1906 rei
1350 1839 1409 1908 lit-

734 2009 1063 2038 ΜΙΜἊἎἊΜΜΜΜ

434 2164 483 2242 (r)
505 2161 553 2223 De
572 2159 626 2224 hoo
647 2155 721 2220 libro
741 2159 782 2222 sic
812 2155 991 2220 Bernoullius
1012 2155 1081 2221 Vol⁴
1101 2153 1130 2216 ΙΙ
1159 2176 1223 2237 pag.
1247 2156 1313 2218 268.
1344 2158 1410 2216 Re-

394 2276 472 2336 cueil
505 2293 579 2356 pour
598 2275 641 2332 les
662 2283 840 2330 astronomos
862 2266 979 2344 (Berlin
1006 2265 1133 2348 ¹77²)‘’
1155 2263 1286 2323 Pendanl
1309 2268 1409 2345 qn’on

394 2399 412 2440 >7
434 2397 464 2436 se
484 2375 577 2458 plaint
597 2375 621 2434 si
641 2373 850 2454 ge'ndralement
869 2364 908 2429 du
927 2391 982 2451 pen
1001 2368 1037 2428 de
1055 2367 1188 2427 lumidres
1209 2372 1304 2446 qn'onl
1331 2369 1410 2426 sour-

391 2508 408 2548 o
431 2484 462 2544 ni
490 2480 612 2564 jusqu'ri
639 2482 756 2562 prosunt
791 2488 854 2536 lant
886 2473 1121 2534 d'observorions
1150 2473 1406 2552 me'le'orologiqurs

391 2609 408 2650 >r
433 2585 632 2657 eccnmnleles,
653 2603 690 2642 on
712 2604 747 2640 ne
769 2579 865 2639 devair
886 2600 937 2660 pos
966 2573 1163 2636 s‘allendred
1189 2573 1251 2634 voir
1280 2574 1407 2656 paroirre

393 2718 410 2759 ν
434 2709 495 2756 tout
516 2699 533 2757 l
551 2717 624 2778 coup
642 2713 681 2752 nn
704 2707 827 2768 ouvrage
849 2685 885 2746 de
905 2683 1103 2763 mdte'orologie
1124 2678 1164 2741 tel
1193 2681 1242 2760 qni
1263 2695 1304 2739 est
1329 2681 1407 2740 colui

392 2825 408 2867 r
433 2803 469 2864 de
489 2805 535 2864 M.
551 2801 667 2864 Toaldo
677 2847 686 2876 ‚
697 2799 773 2859 aussi
792 2796 937 2878 complet,
959 2792 1035 2853 aussi
1055 2789 1271 2861 dmonstravi,
1282 2801 1309 2846 el
1322 2791 1408 2867 apris

393 2929 410 2972 rr
432 2907 459 2968 le
480 2907 546 2988 quel
566 2927 604 2966 on
632 2917 700 2988 peut
720 2923 789 2963 ereo
815 2901 910 2960 raison
933 2900 1046 2978 espdrer
1065 2893 1102 2953 de
1122 2895 1186 2953 voit
1202 2891 1310 2951 bienrdt
1329 2903 1408 2950 certe

294 3003 300 3012 ⁸
392 3033 411 3072 s
432 3014 544 3072 soienoe
561 3025 671 3069 monrer
690 3013 706 3068 d
726 3031 764 3068 un
785 3007 854 3066 hant
874 3005 961 3084 degio
981 3003 1018 3063 de
1036 3001 1191 3083 perfeetioo
1206 3043 1212 3058 .
1225 2999 1249 3057 ll
1267 3000 1407 3057 inleresoe

389 3141 406 3180 rr
428 3113 686 3201 particuliererneut
713 3111 754 3170 los
786 3124 980 3174 astronomus,
1007 3125 1092 3186 parce
1114 3107 1161 3183 qu'
1171 3103 1194 3162 il
1212 3118 1328 3182 suppose
1348 3095 1404 3156 dos

390 3241 410 3282 ν
434 3217 553 3303 grandes
572 3214 789 3276 uonnoissances
806 3208 1048 3286 astronomiques‚
1067 3219 1166 3266 elem.

432 3329 481 3388 De
502 3323 627 3386 eodem
621 3336 659 3382 rra
673 3321 709 3381 de
723 3321 763 3380 la·
766 3317 887 3392 Lande,
902 3313 971 3376 Pru
957 3317 1017 3376 lace
1036 3313 1139 3374 deson
1159 3308 1326 3372 astronomis
1337 3321 1404 3391 'pag

393 3439 442 3534 45
461 3459 478 3496 r>
503 3430 736 3496 L'obsorreloire
758 3421 919 3488 dePudone
933 3464 1088 3486 ......
1111 3435 1153 3481 est
1174 3419 1264 3500 dirigui
1285 3439 1335 3498 par
1355 3416 1403 3474 M.

393 3573 410 3612 rr
434 3544 551 3608 Tonldo
569 3543 616 3624 qni
637 3543 658 3602 s¹
670 3561 775 3624 occupo
795 3530 945 3597 urilement
963 3525 999 3591 de
1018 3529 1039 3590 l'
1049 3525 1232 3599 astronomis,
1254 3535 1282 3581 ct
1302 3543 1317 3579 a
1338 3514 1406 3594 dr'iz'r

393 3676 409 3715 rr
434 3650 532 3734 pnblie'
558 3643 652 3709 divers
682 3667 840 3726 ourragos,
862 3665 911 3704 sur
937 3651 999 3701 tout
1027 3662 1066 3699 nn
1095 3631 1235 3696 excellent
1264 3631 1348 3690 traire'
1367 3625 1406 3688 de

393 3785 410 3826 o
434 3755 648 3839 mdtdorologie,
675 3756 783 3818 riont'
764 3779 796 3837 1.
789 3777 816 3815 ar
808 3750 928 3815 rendu
947 3764 1058 3830 compre
1077 3745 1149 3808 dans
1169 3741 1196 3803 le
1215 3739 1333 3801 Journal
1354 3738 1407 3798 des

392 3893 534 3936 »sanans
565 3891 600 3928 en
631 3887 751 3944 1771».
779 3859 818 3920 Et
844 3857 1125 3943 pos129ilaparn
1153 3850 1253 3934 depuis
1271 3845 1409 3927 quelques

387 4015 407 4056 e
430 3983 533 4052 enodes
546 3977 613 4040 lrois
628 3985 763 4056 ouvrages
775 3961 986 4028 considdruhlcs
1001 3957 1036 4021 de
1050 3950 1263 4037 mc'rdorologie,
1278 3947 1354 4009 celui
1369 3943 1413 4005 do
