3259 4959
471 375 522 434 to.
543 373 725 432 rutucrsct
749 372 957 429 sctnuorttn
1143 349 1209 432 381

194 492 326 596 faeiem
355 503 534 587 amittant,
559 511 659 590 atque
686 499 791 566 aliam
821 498 962 565 induant
988 519 1122 586 prorsus
1148 521 1211 567 ao·

200 645 273 691 narn
292 624 367 712 (r).
389 622 559 692 Accedunt
580 622 713 708 insuper
731 618 895 686 orationes
915 618 1018 700 duae,
1046 615 1150 684 altera
1167 614 1212 684 tle

199 731 466 824 impedimentis,
476 757 559 824 quae
570 730 705 823 praxim
717 727 885 798 ineditam
894 728 1107 798 retardarunt
1119 753 1214 813 ‚con-

199 857 253 914 tra
272 847 359 918 iliud
374 841 610 938 Hippocratis:
623 875 642 908 a
662 867 714 912 ars
733 843 847 931 langa,
863 843 929 908 rita
940 841 1216 928 brevisa,altera

199 951 242 1032 tie
267 963 455 1034 medicinae
472 960 682 1054 praestantia
709 958 833 1045 ceteris
861 957 1015 1028 mrtnibus
1029 960 1215 1049 facultati·
1260 1030 1263 1034 Δ

202 1071 263 1145 bus
280 1075 531 1167 anteponenda.
561 1079 766 1144 Postremum
797 1073 884 1140 lrunc
911 1073 963 1140 sui
993 1073 1119 1162 ingenii
1147 1072 1217 1142 iru-

199 1209 289 1262 stum
309 1194 429 1262 obtulit
448 1191 593 1262 civitatis
615 1189 806 1279 rhodigiuae
833 1190 1111 1272 moderatoribus,
1139 1190 1221 1260 toti·

200 1335 265 1402 que
285 1312 449 1380 nobilium
469 1311 597 1393 ordini,
618 1326 653 1378 ut
683 1323 932 1378 monumentum
953 1309 1036 1397 grati
1056 1309 1160 1376 animi
1179 1309 1216 1378 iu

201 1449 259 1500 eas
288 1421 450 1513 exstaret,
478 1453 497 1498 a
525 1428 644 1518 quibus
664 1427 698 1494 iu
725 1419 849 1493 civium
868 1426 1018 1493 ordinem
1045 1442 1217 1514 cooptatus

203 1537 307 1606 iuerat
326 1563 486 1610 consensu
510 1541 677 1608 unanimi.
701 1541 771 1607 Hos
790 1539 907 1606 eodem
932 1539 1071 1606 consilio
1096 1538 1218 1607 memi-

202 1654 253 1720 ait
273 1655 307 1720 in
327 1651 531 1744 praefatione
552 1655 593 1722 de
612 1653 809 1742 quibusdam
834 1653 964 1719 illarum
997 1653 1125 1720 titilius
1145 1675 1219 1719 mo-

202 1794 274 1840 rum
288 1773 493 1863 integritate,
506 1774 715 1862 praeessetis
735 1772 916 1861 dignitate,
929 1769 1112 1860 litterisque
1129 1791 1221 1858 prae·

201 1891 380 1959 stantibus.
401 1884 595 1959 Docti'ssimi
622 1891 703 1974 riri,
720 1907 753 1958 et
770 1891 850 1958 artis
870 1889 1019 1956 medicae
1039 1889 1217 1957 scientiori·

203 2003 250 2071 rai
263 2004 402 2094 ‚quibus
421 2004 569 2073 oblatum
594 2027 695 2094 opus,
714 2005 755 2072 de
782 2004 899 2070 eodem
920 2005 1035 2090 ample
1059 2003 1220 2092 asapien-

205 2119 302 2204 dide,
333 2145 396 2188 non
426 2143 468 2188 ex
494 2119 690 2186 urbanitatis
719 2117 846 2202 officio,
865 2119 922 2187 sed
942 2142 985 2187 ex
1008 2120 1148 2206 intima,
1183 2137 1220 2190 ut

202 2253 313 2328 patet,
333 2237 501 2304 doetrinae
521 2236 612 2303 illius
632 2235 862 2324 persuasione.

250 2355 321 2422 Hae
349 2353 490 2444 permoti
522 2353 667 2442 patarini
698 2349 969 2446 Archigymuasii
999 2352 1221 2427 moderatores

206 2495 293 2539 anno
316 2473 398 2562 1781
422 2473 645 2560 cogitaverunt
663 2495 739 2541 eum
767 2471 943 2542 transferre
970 2475 1166 2561 Patavium,
1185 2491 1221 2546 et

206 2589 250 2659 ad
266 2590 407 2680 primum
429 2589 593 2680 practicae
612 2592 797 2661 medicinae
817 2593 1002 2662 ordinariae
1022 2584 1129 2662 lesuin
1145 2615 1220 2662 eve·

204 2707 301 2781 ltere.
324 2709 499 2777 iusserunt
528 2709 638 2801 itaque
667 2709 877 2802 rhodiginum
905 2729 1087 2800 praetorem
1114 2737 1223 2782 arces-

204 2845 277 2889 sere
304 2823 346 2891 ad
374 2845 410 2891 se
434 2822 657 2908 sannionum,
685 2840 720 2892 et
748 2824 819 2918 ejus
847 2843 994 2896 mentem
1022 2829 1217 2918 exquirere.

209 2939 335 3009 Maluit
352 2941 382 3010 is
401 2941 564 3033 reliquum
582 2943 670 3012 vitae
693 2959 822 3034 tempus
842 2969 918 3013 eum
947 2945 1014 3014 suis
1041 2946 1221 3037 transigere

210 3053 245 3122 in
268 3055 393 3144 patriae
413 3056 506 3140 sinu,
527 3081 626 3146 quam
649 3073 740 3126 tauro
760 3057 882 3128 honore
901 3060 1042 3128 clarere.

252 3173 377 3241 Eadem
406 3174 489 3244 haee
517 3176 558 3246 de
587 3177 658 3270 ejus
685 3179 835 3248 doctrina
861 3180 974 3270 opinio
998 3179 1220 3250 ramositatem

205 3282 353 3352 incendit
372 3285 507 3357 videndi
525 3307 559 3358 et
579 3292 667 3375 alia,
683 3314 767 3382 quae
788 3293 926 3382 reliquit
945 3292 1090 3376 inedita,
1106 3293 1140 3361 iu
1156 3294 1222 3383 pri·

207 3399 273 3468 mis
293 3398 434 3486 librum,
454 3404 489 3470 iu
509 3429 573 3495 qno
597 3408 639 3474 de
661 3409 784 3479 morbis
806 3411 875 3497 agit
903 3408 1035 3477 illorum
1059 3411 1220 3500 propriis,

207 3513 265 3604 qui
286 3512 433 3583 incolant
451 3516 673 3588 Polisinium.
694 3525 754 3590 Est
772 3523 870 3591 molis
887 3522 1026 3614 exiguae
1054 3521 1157 3609 liber,
1175 3523 1221 3593 fa-

205 3629 284 3702 ‘cilis
303 3647 431 3724 gestatu
447 3657 466 3704 a
482 3635 639 3723 medicis,
651 3639 704 3708 sui
721 3658 894 3731 propterea
912 3641 968 3712 hic
984 3641 1112 3714 titulus:
1130 3639 1222 3713 Vade

556 3821 885 3858 mmmm

249 3985 300 4064 (r)
324 3979 359 4048 lu
379 3987 473 4051 Praei.
495 3985 533 4050 ad
551 3987 702 4053 lectorem.
