3259 4959
395 340 443 414 ⁰0
858 361 942 416 ms

392 499 493 546 neum
511 477 637 568 aliquid
654 476 826 546 incidisset
846 500 911 548 non
930 477 1011 548 satis
1031 480 1166 569 plannrn
1186 499 1284 573 atque
1302 481 1409 574 expli.

392 596 704 682 seatnm,adhibita
724 597 829 666 estin
848 597 1040 685 consilium,
1060 617 1189 689 praeter
1201 601 1407 673 sorbonicam

392 733 451 787 set
467 715 754 804 salmaticensem‚
770 716 967 788 universitas
986 719 1161 809 patavina.

437 833 604 904 affixerat
622 835 779 925 Pyransta
807 857 910 926 usque
939 834 983 904 ad
1011 860 1133 907 annum
1163 838 1407 930 sexagesimum

331 1039 347 1057 ,
392 973 545 1018 ssnmrna
564 948 651 1018 vitae
670 948 859 1040 integritate
878 965 977 1041 atque
997 949 1205 1050 innocentia.
1226 952 1266 1022 Id
1286 952 1407 1022 aetatis

390 1074 492 1138 'scum
512 1083 617 1155 esset,
645 1069 791 1158 puellam
819 1092 955 1140 uxorem
983 1070 1097 1155 duxit,
1121 1071 1180 1140 sed
1209 1071 1257 1140 ita
1277 1087 1410 1155 tamen,

393 1184 454 1251 snt
471 1199 619 1269 servato,
637 1184 667 1252 si
686 1183 755 1252 fieri
776 1199 903 1274 posset,
919 1183 1088 1276 virginalis
1101 1183 1323 1254 continentiae
1337 1207 1412 1274 pro

393 1282 547 1388 s'posito,
565 1317 674 1367 onstos
693 1297 801 1389 potius
821 1315 855 1368 et
874 1314 986 1388 pater,
1015 1323 1114 1390 quam
1134 1299 1292 1385 moritus,
1323 1299 1415 1368 vitae

393 1418 542 1486 sconiam
560 1433 658 1509 atque
677 1418 872 1511 adjutricem
892 1417 1043 1506 haberet3
1058 1443 1162 1512 eaqne
1179 1419 1265 1488 intra
1282 1441 1407 1488 annum
1490 1445 1500 1458 ·

395 1531 591 1616 oddonem,
611 1533 750 1602 alteram
768 1533 882 1602 statim
911 1533 1028 1603 eadem
1056 1533 1244 1603 conditione
1265 1531 1330 1602 sibi
1351 1531 1414 1600 ad-

396 1650 547 1740 „jussis
575 1650 661 1718 Cum
691 1665 828 1739 utraque
855 1649 1139 1719 continentissime
1167 1651 1255 1742 egit,
1284 1665 1413 1720 etcum

397 1763 600 1834 »secundam
619 1785 747 1852 qnoque
774 1761 840 1830 cito
860 1759 1047 1848 amisisset,
1076 1761 1227 1854 religioni
1254 1788 1291 1836 se
1318 1765 1418 1834 addi-

396 1879 491 1961 sxit,
509 1873 658 1965 obiitque
677 1873 862 1944 sanctitatis
882 1872 988 1960 sama,
1009 1893 1043 1944 et
1063 1877 1231 1951 miraculis
1250 1877 1380 1948 clarus.

319 2071 322 2077 ¹
442 1996 505 2062 „In
524 1989 663 2061 dubium
683 1987 878 2073 vocabatur,
898 2011 977 2058 nnm
997 1988 1062 2058 duo
1081 1989 1162 2062 haec
1187 1991 1352 2064 connubia
1371 2013 1416 2062 ox

350 2133 353 2139 ¹
397 2107 621 2181 „christianae
647 2103 841 2195 pmdentiae
867 2101 996 2194 legibus
1015 2103 1100 2177 inita
1127 2103 1193 2178 dici
1218 2122 1352 2196 possent
1373 2105 1417 2178 ad

398 2223 578 2313 nrirtutem
597 2218 765 2290 heroicam
785 2217 1024 2292 exercendam.

445 2344 552 2412 „Rem
568 2339 624 2431 (a)
641 2339 774 2430 seriptis
792 2338 1024 2410 examinarunt
1044 2337 1240 2430 professores
1258 2356 1343 2425 tres,
1357 2337 1421 2409 sra-

398 2478 472 2530 stor
490 2457 697 2548 Hyacinthus
716 2459 833 2548 serry,
852 2457 952 2528 frater
971 2458 1130 2533 Nicolaus
1148 2460 1270 2545 Buico,
1293 2474 1327 2527 et
1346 2457 1421 2530 Mi·-

399 2575 518 2644 nchaei
538 2571 683 2656 Verius;
710 2573 767 2639 sed
796 2594 872 2640 curn
901 2572 935 2638 in
956 2569 1085 2637 diversa
1106 2570 1285 2654 abiissent,
1314 2571 1421 2640 colle.

401 2687 517 2780 egium
544 2685 579 2756 in
600 2683 696 2756 Verii
711 2682 833 2765 verba,
862 2681 919 2773 qni
938 2677 1062 2750 facturn
1081 2681 1295 2773 probaverat,
1323 2698 1357 2750 et
1376 2683 1419 2756 ad

400 2823 574 2877 „summae
592 2795 722 2876 virtutis
740 2793 912 2886 fastigium
939 2810 1115 2880 erexerat,
1143 2796 1342 2868 sententiam
1364 2810 1417 2868 tu-

402 2917 467 2986 slit
484 2945 529 2983 a.
1417 2927 1420 2934 ’

447 3033 537 3106 Haec
554 3027 780 3098 Faeniolatus:
800 3023 982 3116 exquibus
1002 3021 1141 3112 insignis
1162 3022 1233 3092 laus
1252 3020 1417 3092 redundat

402 3147 438 3218 in
458 3147 618 3218 Verium.
639 3143 881 3215 Gravis-simam
901 3141 1025 3211 etenim
1044 3163 1115 3210 rem
1134 3136 1303 3228 expediit,
1319 3151 1352 3204 et
1372 3137 1420 3206 di-

402 3268 523 3336 ficilern
544 3288 673 3355 prorsas
693 3261 893 3356 dijudicata.
927 3262 1087 3348 Magnum
1108 3254 1243 3340 fuisset,
1263 3251 1417 3323 eumdem

401 3405 474 3461 rem
493 3396 619 3450 tantam
639 3377 789 3461 sincere,
808 3375 838 3454 si
857 3373 944 3443 solus
974 3371 1046 3450 sinc
1065 3365 1310 3459 comparatione
1336 3365 1419 3432 scri-

404 3500 540 3592 psisset·
556 3497 670 3579 Etiam
687 3491 848 3572 »Catulus
867 3496 927 3588 (ut
940 3487 1176 3562 animadvertit
1189 3483 1320 3555 Tullius
1333 3481 1384 3575 (2)
1404 3481 1422 3573 )

752 3720 1082 3754 ΜΜἊΜἊΜἪΜ

448 3895 499 3974 (r)
519 3893 599 3953 Fasti
618 3889 769 3973 Gymnasii
788 3901 884 3970 patav.
907 3887 995 3946 Tom.
1015 3885 1055 3948 11.
1077 3879 1115 3945 nt
1134 3901 1180 3946 tn.
1205 3899 1278 3964 ¹722
1306 3895 1335 3964 p.
1355 3867 1427 3950 245·
1523 3911 1529 3920 ·
1617 3883 1618 3902 ¹

450 4006 499 4093 (a)
521 4003 567 4063 De
587 3999 684 4069 Cirris
703 3998 823 4061 Orator.
845 4017 871 4060 c.
893 3992 1036 4062 XXXV.
