3259 4959
823 561 984 640 vm

504 801 902 967 surasrmur
935 799 1292 914 ranuzour

342 1659 347 1672 '
380 1701 384 1710 ·
437 1583 496 1729 In
513 1681 591 1754 ogre
609 1656 772 1745 vicetino,
790 1679 856 1751 qua
877 1653 908 1728 is
926 1655 970 1728 erl
995 1656 1264 1750 septemtrionem
1283 1674 1401 1730 exten·

379 1772 502 1858 bitur,
519 1797 585 1840 non
605 1773 701 1864 longe
729 1767 935 1839 amentibus
962 1771 1052 1840 vicus
1078 1789 1148 1860 est,
1175 1797 1274 1864 quem
1298 1772 1405 1842 'Phie-

392 1905 471 1953 nem
491 1883 622 1968 dicunt,
641 1883 732 1952 locus
750 1882 787 1951 in
805 1903 845 1950 ea
866 1880 1035 1950 vicinitate
1062 1884 1300 1974 pulcherrimus
1316 1936 1325 1953 .
1349 1883 1405 1953 Ibi

394 2017 472 2066 ann.
492 1994 579 2087 1687
589 2047 600 2081 ‚
615 1993 774 2086 postridie
796 1993 912 2065 Nonas
929 1990 1122 2080 Febnrarias
1140 2019 1182 2068 ex
1201 1993 1336 2092 antiqua
1348 2025 1409 2092 po-

393 2112 474 2184 riter
492 2128 526 2184 et
544 2113 681 2184 honesta
699 2111 828 2184 familia
847 2129 943 2182 natus
962 2131 1013 2183 cst
1031 2109 1243 2186 Sebastianus
1261 2119 1405 2188 Fronzo-

394 2255 479 2319 nus‚
498 2232 541 2303 de
560 2255 624 2324 quo
643 2231 788 2302 scribere
807 2231 844 2303 in
862 2232 1048 2324 praesentia
1066 2233 1257 2326 aggredior.

438 2354 566 2423 Exacta
584 2349 671 2420 inter
698 2349 896 2422 domesticos
916 2349 1083 2441 pueritia,
1109 2375 1194 2422 anno
1224 2353 1313 2447 1699
1334 2353 1405 2424 ΧΠ

397 2465 470 2536 cal.
490 2463 656 2536 Novemb.
675 2464 712 2534 in
724 2463 944 2536 Seminarium
963 2465 1155 2552 patavinum
1173 2482 1349 2558 exceptus,
1364 2466 1407 2536 ad

395 2576 506 2672 prima
523 2578 759 2670 grammaticae
776 2576 962 2646 rudimenta
974 2577 1142 2648 incubuit.
1155 2579 1232 2650 Jam
1252 2596 1321 2648 tum
1336 2603 1406 2648 rna·

397 2695 509 2788 gistris
536 2694 652 2790 injecit
678 2693 737 2764 itte
759 2695 1024 2785 expectationem
1051 2694 1118 2782 sui,
1150 2719 1287 2786 eamque
1314 2696 1408 2764 aurit

396 2831 528 2901 semper
547 2826 678 2901 postea.
693 2807 779 2878 Aliis
798 2807 925 2899 praeire
934 2809 1028 2896 ,loco
1041 2808 1186 2878 eminere
1195 2861 1206 2895 ,
1218 2808 1402 2898 praemium

395 2923 516 2996 referre
534 2927 625 2998 visus
647 2943 717 2996 cst.
734 2929 874 3018 Quaque
892 2943 963 2996 erat
981 2926 1182 2996 abundantia
1200 2926 1340 3016 ingenii,
1353 2949 1405 2996 cc-

350 3119 355 3128 ·
395 3039 509 3112 leriter
528 3059 599 3113 tuus
618 3043 787 3135 politiores
806 3061 876 3113 tum
896 3043 1074 3113 severiores
1104 3041 1296 3132 disciplinas
1322 3044 1407 3114 arri-

398 3155 491 3248 puit,
510 3179 550 3226 ee
577 3171 747 3246 praeterea
774 3153 953 3242 felicitato,
980 3170 1017 3224 ut
1043 3154 1209 3224 videretur
1224 3155 1267 3225 ad
1295 3158 1407 3228 omnia

395 3269 502 3342 factus
519 3271 669 3342 unanimi
688 3289 938 3363 praeceptomm
958 3293 1135 3341 consensu.
1149 3275 1239 3361 Quos
1253 3272 1341 3342 inter
1358 3274 1406 3344 vi-

397 3413 471 3460 rum
489 3387 709 3465 clarissimum
722 3389 883 3459 Jacoburn
900 3388 1110 3462 Jacobctturn
1125 3389 1251 3481 publici
1265 3408 1404 3483 postpa-

397 3500 501 3573 tsrini
519 3502 695 3592 Gymnasii
715 3499 930 3593 professorem
954 3503 1053 3572 fuisse
1072 3519 1259 3572 constater
1286 3505 1409 3596 episto-

398 3615 454 3702 le,
466 3640 564 3708 quam
583 3614 626 3688 de
644 3615 748 3709 ipsius
768 3615 837 3687 vita
855 3641 893 3688 ac
911 3617 1030 3688 studiis
1049 3616 1091 3687 ad
1110 3615 1253 3686 amicum
1271 3619 1408 3686 Franco-

398 3755 461 3804 nus
479 3734 636 3826 scripsit,
658 3753 694 3806 et
715 3759 791 3806 cum
814 3735 883 3806 suis
901 3733 1102 3806 orationibus
1121 3733 1248 3830 jamdiu
1266 3733 1391 3804 edidit.

442 3852 540 3922 Anno
556 3851 692 3922 interim
703 3853 826 3925 saeculi
839 3851 961 3928 xv111
967 3869 1114 3924 vertente
1131 3877 1218 3924 nono
1227 3903 1237 3939 ,
1258 3849 1408 3922 coniecto

398 3966 583 4044 studiorum
604 3991 701 4044 cursu
711 4021 723 4061 ,
741 3971 887 4046 nondum
908 3988 1019 4046 tamen
1038 3971 1220 4044 sacerdotio
1238 3967 1408 4054 initiatus,
