3259 4959
1131 382 1222 435 xxxr

208 474 292 583 iigio
326 488 392 561 late
436 472 609 559 dominans
642 512 681 559 ec
715 484 924 581 triumphans
958 472 1108 564 inanium
1131 496 1223 567 Deo-

210 630 281 675 rum
315 605 404 673 lucos
437 603 677 689 succenderit,
713 606 839 695 templa
867 607 1114 695 prostraverit,
1145 610 1225 679 alta·

209 720 257 788 ria
275 716 456 805 everterit,
475 718 651 789 simulacra
671 716 886 807 contriverim·
906 720 1050 811 pudeat,
1065 720 1223 813 inquam,

207 859 266 903 nos
290 826 376 905 nunc
396 834 531 903 eosdem
551 834 752 903 exsuscitare
769 859 880 905 rursus
897 859 940 905 ex
974 835 1029 905 bis
1056 837 1223 907 cineribus

208 976 247 1025 ac
267 951 391 1039 ruinis,
410 966 445 1021 et
465 949 499 1021 in
519 950 605 1037 aris,
624 975 728 1041 paene
748 953 912 1038 dixerim,
931 964 968 1022 ut
986 968 1102 1039 antea,
1121 956 1227 1025 collo-¹

209 1091 308 1155 care,
328 1056 451 1157 pudeat
469 1064 629 1156 sacrilega
647 1082 681 1135 et
700 1066 806 1157 impia
825 1066 980 1151 nomina,
1001 1069 1139 1159 Deoque
1154 1092 1223 1139 ma-

207 1182 299 1267 xime
319 1180 428 1251 invisa
448 1182 592 1251 inserere
612 1176 708 1249 rebus
727 1180 828 1250 sacris
844 1208 854 1267 3
874 1180 1012 1272 quaein
1031 1180 1151 1251 intima
1174 1204 1225 1253 re·

206 1296 341 1387 ligionis
361 1296 462 1387 adyta
481 1282 648 1365 intrudere
668 1318 734 1364 oon
759 1295 877 1385 puduit
904 1295 1101 1366 christianos
1129 1321 1225 1387 quos·

206 1411 285 1497 dam
307 1427 440 1501 poetas,
464 1433 542 1500 prae
571 1408 689 1477 ceteris
719 1408 987 1494 Sannazarium,
1014 1434 1129 1479 ausum
1158 1435 1225 1479 non

205 1524 316 1593 minus
340 1536 464 1595 temere
490 1512 589 1615 q'uam
610 1526 834 1613 praepostere,
853 1546 1043 1613 comparare
1067 1524 1225 1615 quodam·

206 1643 305 1713 modo
325 1644 450 1713 Christi
469 1642 667 1714 incunabula
684 1667 760 1712 cum
780 1642 987 1713 incunabulis
1008 1642 1121 1725 Joris,
1141 1646 1223 1715 Cre·¹

207 1779 275 1839 tam
295 1788 371 1835 curu
395 1750 613 1851 Bethlehem,
632 1773 706 1835 curn
727 1762 901 1855 Prophetis
918 1766 1095 1850 Proteum,
1122 1758 1219 1835 eum-¹

206 1908 270 1974 que
289 1886 407 1977 fingere
440 1872 655 1957 vaticinatum
676 1908 748 1958 esse
766 1888 911 1958 Jordano
930 1884 1035 1955 divini
1062 1887 1220 1959 Servato-¹

178 1994 181 1999 ¹
206 2004 252 2075 ris
271 2003 373 2075 nostri
394 2005 568 2093 miracula3
588 2006 762 2076 Plutonem
782 2008 889 2077 adhuc
908 2030 1019 2097 regem
1037 2004 1217 2077 inferorum

205 2114 426 2209 constituere,
445 2116 541 2217 'eique
562 2124 668 2195 socios
688 2127 865 2219 adiungere
883 2126 1064 2197 Cerberum
1076 2181 1086 2213 ,
1098 2129 1223 2218 Gorgo-¹

203 2263 263 2309 nas
287 2256 322 2309 et
351 2240 538 2328 Harpyias,
558 2256 656 2327 atque
676 2238 723 2307 ita
743 2238 927 2308 deformare
946 2244 1084 2332 turpiter
1103 2244 1221 2312 verita·

208 2370 299 2439 tem3
318 2350 533 2421 commiscere
554 2348 682 2420 fabulas
701 2374 776 2420 cum
796 2338 985 2445 scripturis,
1008 2368 1084 2425 cum'
1104 2378 1222 2425 oracu-

205 2467 248 2536 lis
268 2466 420 2551 somnia,
452 2489 525 2535 cum
545 2466 711 2535 caelicolis
741 2487 871 2553 musas,
903 2485 937 2536 et
969 2468 1013 2537 ab
1038 2471 1091 2542 hir
1123 2472 1220 2543 illum

203 2580 314 2671 ipsum
335 2567 485 2649 divinum
507 2579 658 2667 Virginis
676 2592 837 2671 parturn,
868 2584 1063 2673 mysterium
1092 2588 1222 2661 scilicet

201 2694 388 2765 maximum
408 2708 442 2763 et
460 2694 731 2783 sanctissimum,-
750 2686 914 2789 auspicari
932 2712 951 2766 ν’
970 2752 981 2771 .

251 2810 325 2880 Nec
344 2809 453 2879 minus
473 2810 622 2901 pulcrum
643 2810 750 2897 illud,
782 2826 847 2904 quo'
871 2816 1017 2885 ostendit
1040 2870 1051 2903 ,
1078 2818 1218 2889 oratorir'

201 2923 371 3015 proprium
391 2948 483 3010 esse,
502 2948 553 2995 res
573 2916 723 2996 sensibus
742 2919 910 3019 propiores
929 2928 1055 3017 facere,
1083 2950 1117 3001 et
1140 2956 1219 3025 qua·

205 3042 233 3115 ri
254 3060 407 3134 gerantur
427 3098 437 3131 ,
458 3034 520 3115 suh
539 3046 730 3138 adspectum
751 3048 937 3143 subjicerer
955 3103 979 3137 „
997 3046 1058 3120 Cei
1078 3052 1221 3138 Caesar,-

204 3148 285 3250 quid
304 3158 366 3233 illa
386 3163 421 3231 in
442 3150 607 3235 audiendo
626 3162 737 3237 Tullio
768 3169 941 3259 repentina
968 3166 1073 3241 animi
1105 3195 1222 3261 corpo·

203 3278 315 3369 risque
336 3282 539 3351 commotio?
567 3284 656 3373 Quid
680 3286 826 3357 insolens
845 3287 903 3357 illc
924 3288 1028 3378 pallor
1055 3296 1094 3359 ac
1113 3289 1219 3379 trepi-

201 3396 316 3467 datio?
335 3396 402 3470 Ubi
422 3418 494 3471 tuus
519 3403 576 3474 ille
595 3396 785 3480 obfirmatus
819 3396 952 3479 animus
969 3407 1004 3477 in
1023 3408 1219 3499 Ligarium?

204 3500 272 3584 Ubi
299 3518 353 3595 t'u'a
372 3508 406 3583 in
428 3503 613 3589 damnanda
634 3520 857 3615 praejudicata
876 3530 975 3593 oausrt'
1009 3511 1218 3595 constante?

205 3634 322 3701 Oratio
349 3622 478 3707 scilicet
512 3622 689 3731 derepente
723 3636 759 3711 in
790 3642 1002 3712 Tuberonem
1032 3658 1218 3735 conversa,-

204 3746 410 3836 pharsalicae
431 3764 559 3844 pugnae
579 3756 727 3841 mentio,
747 3754 790 3825 ab
818 3757 935 3827 eodem
956 3756 1131 3828 Tuberone
1163 3759 1217 3829 di-

202 3864 340 3933 strictus
372 3866 407 3935 in
436 3869 494 3937 illa
513 3870 662 3961 gladius,
682 3870 768 3941 oculi
777 3910 789 3957 ‚·
827 3881 962 3959 manus,
990 3872 1087 3943 ardor
1113 3873 1218 3944 animi

204 3979 355 4077 objectus
374 3984 509 4059 Caesam
528 3988 661 4063 libellos
696 3991 833 4065 extorsit
862 3992 929 4087 ipsi
961 3993 1004 4067 de
1038 3991 1223 4084 morto,
