3259 4959
561 361 700 414 tostam
719 361 901 412 stanuum
1122 440 1127 448 Ι
1174 339 1243 428 557
1273 388 1276 394 .

223 490 348 582 sumpti
359 540 367 560 .
380 489 490 562 Facile
504 505 672 580 praeterea
691 487 799 558 vitiari
817 501 954 578 possunt
967 501 1066 577 atque
1078 485 1241 575 perverti.

226 611 355 700 Quibus
369 609 496 680 vicibus
513 634 577 680 non
595 625 663 678 tam
678 605 775 678 facile
790 607 934 677 obnoxia
950 622 1027 676 sunt
1042 605 1177 676 alterius
1190 629 1244 698 ge-

224 725 311 794 neris
323 725 553 794 rnonumeritat
573 722 774 792 numismata
793 721 1084 806 scilicet,metalla
1095 772 1105 806 ,
1121 720 1241 790 inscri-

223 837 373 928 ptiones,
404 861 564 907 marmora
584 852 619 905 et
647 837 713 905 alia
731 833 942 926 huiusmodi.
972 837 1035 905 His
1063 835 1239 926 praecipue

222 973 369 1026 servatur
386 956 505 1026 veritas
523 956 711 1046 incorrupta
723 1005 731 1023 .
742 954 795 1027 Ab
814 953 868 1024 his
879 951 1053 1024 Bartholus
1069 953 1112 1024 ad
1128 977 1168 1024 ea
1180 953 1240 1024 de-

212 1075 377 1160 scendit,
400 1097 485 1166 quas
504 1073 733 1168 objici-solent
751 1071 794 1144 ab
822 1069 1040 1157 adversariis,
1063 1086 1098 1140 et
1120 1073 1238 1142 eadem

218 1191 337 1277 diluit,
367 1215 404 1262 ac
424 1190 542 1283 probat
565 1189 767 1270 numismata
788 1189 982 1281 praesertim
1002 1206 1037 1258 et
1053 1188 1241 1280 inscriptio·

216 1327 275 1374 nes
295 1305 403 1375 valere
423 1303 601 1374 admodum
621 1304 662 1375 ad
683 1319 807 1374 certam
836 1304 990 1372 notitiam
1010 1305 1167 1394 temporis
1195 1328 1234 1374 ac

218 1417 302 1504 loci,
323 1418 533 1510 maximeque
553 1418 711 1488 inservire
730 1415 1011 1505 historiae.Quin
1035 1417 1089 1486 vel
1101 1417 1238 1508 'spuriae

218 1535 469 1630 inscriptiones,
488 1537 660 1629 inquit,et
678 1535 827 1608 fabulosa
847 1535 1048 1606 numismata
1068 1552 1181 1629 aperte
1204 1561 1237 1606 e-

219 1650 355 1742 rincunt
374 1672 482 1722 rerum
500 1651 637 1723 istarum
657 1651 821 1743 pretium.
851 1651 963 1720 Nemo
980 1648 1146 1741 siquidem
1176 1648 1239 1720 de·
1332 1711 1338 1718 .
1389 1742 1393 1751 μ

218 1769 401 1859 pravandas
419 1789 563 1845 curasset
581 1771 641 1841 hos
665 1768 874 1862 antiquitatis
891 1768 1073 1862 reliquias,
1090 1769 1121 1842 si
1139 1791 1235 1840 veras

218 1886 340 1958 nullius
359 1910 431 1958 esse
450 1887 603 1980 ponderis
622 1887 842 1958 credidisset.

147 2012 153 2024 '
191 2077 192 2082 ἵ
262 2003 346 2071 Mox
365 2000 406 2070 ad
426 2001 565 2072 alteram
584 2018 712 2092 partem
741 2002 860 2071 transit
888 1999 1128 2071 dissertationis
1153 2024 1232 2092 pro-

107 2166 119 2186 .
214 2117 362 2212 positae3
382 2143 421 2189 ac
438 2120 617 2212 plurimum
638 2120 703 2189 sibi
723 2119 852 2208 plaudit
869 2119 904 2186 in
925 2143 984 2204 eo,
996 2119 1098 2209 quod,
1112 2142 1235 2211 quem..
1318 2171 1324 2182 .

215 2233 392 2304 admodum
412 2252 509 2302 antea
539 2231 665 2324 primus
683 2229 899 2301 celeberrimo
918 2231 1039 2300 Poleno
1057 2231 1091 2301 in
1113 2233 1230 2323 physi.

215 2345 261 2412 cis
282 2345 516 2434 experimentis
536 2344 714 2428 inserviit,
742 2345 789 2413 ita
819 2367 908 2413 nunc
926 2342 1074 2416 omnium
1100 2345 1231 2436 primur¹
1263 2332 1273 2354 ⁸

213 2460 349 2529 accedat
376 2459 418 2527 ad
445 2457 676 2528 illustrandum
704 2479 883 2530 veronense
911 2481 1120 2544 museum,a
1147 2461 1228 2530 Ma-

214 2577 314 2670 phejo
332 2577 405 2670 ipso
433 2576 522 2646 illius
549 2593 680 2648 auctore
706 2576 1128 2670 extranaturalium
1154 2580 1228 2650 lau-

213 2697 294 2784 dat,
314 2695 401 2789 quod
424 2694 472 2765 ibi
493 2719 642 2767 museum
667 2697 808 2768 erexerit
820 2751 832 2784 ,
850 2695 908 2765 ubi
936 2697 1074 2767 illustris
1096 2699 1228 2768 Acade-

214 2817 308 2902 mia,
332 2817 383 2887 cui
404 2840 524 2885 nomen
542 2801 684 2886 inditum
705 2817 984 2909 philarmonicae.
1007 2817 1088 2912 Ejus
1115 2817 1227 2889 archi·

211 2945 370 3000 tecturam
391 2929 568 3000 descnbit.
587 2917 729 3006 Disseril
754 2928 795 3000 de
815 2932 941 3024 graecis
960 2932 1139 3024 latinisque
1168 2933 1223 3002 in-

211 3037 468 3142 scriptionibus,
497 3071 674 3141 earumque
692 3049 788 3141 eopia
818 3067 853 3120 et
882 3049 1122 3142 pulcritudine,
1141 3075 1225 3142 qua·

212 3186 286 3232 rum
313 3163 489 3234 nonnullae
516 3163 687 3234 ineditae.
716 3166 938 3238 Commendat
964 3166 1113 3236 ordinem
1126 3221 1137 3253 ,
1156 3189 1222 3260 quo

206 3273 334 3366 lapides
347 3275 534 3361 distributi,
553 3277 607 3348 cui
627 3279 824 3372 respondere
835 3269 928 3350 ‘aicit
945 3279 1106 3350 materiae
1125 3302 1217 3371 pras·

212 3388 369 3458 stantiam
387 3406 421 3459 et
438 3391 546 3482 operis
566 3393 738 3464 artificium
750 3445 774 3488 .-
876 3412 879 3418 ·

253 3509 306 3577 De
334 3507 382 3578 iis
404 3531 480 3578 vero
507 3508 682 3599 praecipue
710 3523 893 3593 memorat,
912 3507 1031 3598 quibus
1049 3499 1152 3582 Emns
1179 3533 1220 3584 ea

209 3613 406 3716 tempestate
425 3623 611 3694 veronensis
630 3639 779 3713 praetor,
798 3639 833 3692 et
857 3623 973 3693 harum
1001 3601 1108 3696 rerum
1126 3618 1219 3718 peri·

209 3763 264 3835 tus
291 3745 352 3816 hoc
381 3744 490 3835 ipsum
521 3743 671 3812 museum
700 3741 878 3812 ditaverat.
902 3740 965 3813 llis
989 3745 1219 3839 inscriptiones

211 3863 360 3960 adjungit
378 3860 505 3942 ibidem
523 3859 626 3948 sitas,
645 3882 729 3952 quae
747 3859 913 3950 pertinent
930 3872 972 3936 ad
990 3863 1216 3953 Christianos,

210 4005 357 4080 quaeque
384 3997 536 4056 exaratae
563 3977 693 4054 luerunt
717 3982 830 4070 medio
855 4005 952 4056 aero.
981 3985 1052 4065 ilar
1078 3985 1217 4082 exponit
