3259 4959
396 382 509 441 &xtra
905 450 911 460 ·

397 508 522 575 tutibus
542 504 576 573 in
601 500 736 597 hujusce
755 494 819 573 loci
840 494 936 574 initia
954 518 1099 575 mentem
1119 497 1420 601 cogitationemque

397 620 531 705 delinit,
556 635 590 687 et
610 617 724 686 dolens
754 618 866 709 plnres
898 616 986 689 diros
1019 621 1336 691 commemoratione
1364 624 1418 695 di·

397 762 497 829 gnos,
518 735 574 827 qui
594 736 649 804 hic
669 735 728 805 alti
753 736 939 805 ct'edaeati
959 736 1001 806 ad
1020 736 1120 831 hujus
1139 737 1305 809 domicilii
1329 743 1418 814 cele-

395 854 553 926 britatem
577 856 757 948 plurimum
773 856 997 943 contulerant,
1012 845 1212 951 iampridem
1239 872 1350 930 carere
1367 861 1419 933 hi·

401 976 521 1043 storias
541 976 633 1061 laice,
654 976 804 1068 flagravit
823 976 932 1045 stadio
961 1000 999 1045 ac
1024 976 1189 1047 desiderio
1217 1000 1416 1071 persequen-

399 1089 433 1161 di
453 1092 564 1161 latinis
585 1090 703 1161 littaris
722 1113 834 1161 eorum
856 1089 1010 1177 nomina,
1035 1092 1306 1184 proponendiqne
1338 1110 1415 1163 ante

398 1208 510 1277 oculos
537 1221 721 1275 nostrorum
747 1205 1006 1275 adolescentium
1027 1259 1037 1292 ,
1060 1223 1228 1299 tamquam
1245 1207 1280 1277 in
1301 1208 1416 1281 tabula

397 1325 527 1418 egregie
560 1324 677 1417 picta,
706 1324 844 1393 totidem
862 1322 1043 1414 spectanda
1074 1323 1276 1394 domesticae
1307 1327 1416 1397 lendis

399 1458 633 1525 monumenta,
653 1462 737 1531 quae
756 1438 822 1529 ipsi
843 1437 974 1506 assidue
993 1454 1163 1508 cernerent
1182 1454 1216 1508 ct
1242 1438 1416 1511 imitarem-

398 1576 470 1627 tur:
492 1561 579 1651 quod
597 1580 679 1651 opas
698 1574 790 1627 tanta
810 1574 1049 1648 aggressusest
1072 1578 1149 1628 cura
1172 1571 1207 1628 'et
1225 1558 1384 1631 industria
1404 1607 1416 1649 ,

398 1696 436 1747 ut
455 1678 693 1769 exspectationi
719 1678 913 1770 plenissime
939 1676 1160 1763 satisfecerit,
1193 1703 1293 1770 quam
1318 1696 1415 1751 antea

398 1802 440 1869 do
461 1824 496 1868 sc
520 1796 740 1869 concitaverat
772 1794 872 1867 editis
905 1798 1100 1888 praesertim
1129 1797 1205 1869 ritis
1233 1797 1414 1872 Alexandri

398 1912 565 2005 l'apalava
592 1912 738 2004 episcopi
772 1913 861 2004 (a),
894 1930 928 1982 et
959 1913 1011 1981 Pii
1045 1914 1097 1982 vl
1125 1900 1294 1983 Pontificio
1328 1938 1416 1983 sums

403 2034 450 2101 mi
477 2035 553 2125 (a),
573 2031 674 2100 sicut·
688 2032 729 2100 ad
750 2054 901 2099 normam
925 2047 1125 2120 ceterarum,
1156 2055 1240 2123 quas
1261 2031 1416 2122 deinceps

401 2150 574 2242 vulgaret.
596 2148 770 2219 Undenam
793 2173 869 2218 vero
891 2150 973 2219 tanti
1002 2151 1113 2241 operis
1140 2151 1250 2242 potins
1280 2150 1415 2221 exordia

398 2280 563 2349 attineret,
578 2288 677 2355 quam
703 2262 746 2331 ab
765 2286 824 2346 eo,
848 2286 946 2353 quem
964 2286 1096 2355 semper
1114 2262 1149 2332 in
1178 2264 1289 2333 animo
1311 2316 1321 2349 ,
1353 2262 1415 2333 tra

394 2394 536 2471 quctrter
556 2379 590 2445 in
609 2402 664 2447 otc
684 2376 857 2465 habehat,
877 2376 930 2446 coi
958 2374 1122 2447 referebat
1147 2396 1320 2470 acceptam
1346 2403 1412 2448 non

397 2494 505 2563 solum
525 2489 716 2559 stabilimen
736 2488 872 2582 hujusce
903 2488 995 2572 loci,
1025 2505 1059 2557 et
1088 2491 1379 2581 amplificationem
1402 2544 1415 2577 ,

395 2628 510 2672 serum
531 2604 632 2673 etiam
652 2600 893 2688 constantiam,
914 2610 1012 2694 atque
1045 2602 1128 2672 adeo
1156 2604 1414 2693 perpetuitatem

397 2721 440 2791 ob
460 2746 516 2791 cas
540 2724 654 2814 leges,
684 2747 765 2815 qaas
792 2722 1042 2815 sapientissime
1075 2722 1213 2809 sanxit,
1242 2738 1413 2815 tamquam

396 2842 494 2912 ltases
515 2842 644 2911 innnoti
666 2842 829 2930 aedilicii,
849 2868 869 2912 a
887 2842 973 2929 viro,
993 2843 1158 2935 inquam,
1189 2842 1411 2930 doctissimo,

396 2979 526 3057 pastore
546 2963 825 3052 vigilantissimo,
840 2978 934 3054 patre
945 2963 1191 3047 amantissimo,
1211 2964 1313 3031 Beato
1332 2960 1414 3031 Gre-

400 3076 490 3169 gorio
517 3075 699 3147 Barbadico
719 3080 805 3170 (3),
838 3102 857 3147 a
881 3075 973 3171 cujus
1008 3076 1101 3147 obita
1135 3077 1177 3147 ad
1208 3077 1291 3147 haec
1310 3092 1412 3167 usqne

388 3184 398 3209 .

739 3304 1074 3335 ΜΜΜΜΜΜΜ

435 3474 487 3553 (r)
507 3472 585 3536 Vide
615 3472 696 3535 Seria
723 3469 1037 3555 cronologicoistoriea
1058 3466 1107 3529 dei
1137 3467 1280 3533 canonici
1299 3469 1330 3531 di
1355 3470 1411 3532 P·-

391 3580 466 3645 dova
483 3602 550 3664 pag.
575 3582 641 3661 ¹75·

437 3692 486 3767 (2)
507 3690 577 3750 Vita
595 3680 684 3769 hujus‘
707 3688 857 3749 Pontificis
876 3688 979 3751 emissa
1000 3690 1053 3751 snit
1074 3684 1185 3753 Patavii
1214 3688 1291 3771 typis
1321 3684 1411 3751 ὃοωὶ·

393 3796 467 3858 narii
487 3818 554 3857 ann.
580 3799 654 3858 1802
676 3796 706 3857 in
727 3805 756 3873 4.
773 3843 782 3873 ,
802 3797 838 3857 de
868 3819 923 3878 qno
953 3800 1044 3859 molta
1063 3796 1222 3858 honorilice
1248 3801 1300 3859 nel
1321 3796 1412 3855 Gioro

395 3904 466 3963 nale
487 3903 559 3961 dett·
571 3903 696 3962 italiana
716 3904 895 3963 letteratttro
920 3902 1006 3963 Tora.
1026 3900 1045 3963 Ι
1059 3921 1133 3983 pag.
1154 3902 1222 3963 216.

364 3996 369 4005 ’
431 4005 480 4085 (5)
504 4002 582 4067 Vide
611 4004 777 4087 opusculum
797 4004 834 4068 de
867 4004 1005 4087 singulari
1028 4006 1062 4065 B.
1092 4004 1227 4084 Gregorii
1258 3994 1410 4063 Barbaditi
