3259 4959
546 386 628 443 vm
649 391 788 441 roserur
804 387 953 443 arratum
1188 371 1258 446 205

242 512 397 605 exempla
415 527 449 582 et
458 509 642 601 praemiis,
657 532 740 601 quae
759 533 818 578 sua
837 534 901 580 non
917 508 1022 580 semel
1037 490 1198 582 industria
1212 532 1261 585 re·

210 628 339 711 ¹tulit,
359 611 540 708 excitatus,
564 622 795 702 humaniorum
823 621 1073 715 graviorumque
1105 623 1260 716 discipli

237 734 368 824 :arura
379 756 511 814 cursum
528 763 604 811 eum
622 740 719 811 laude
738 739 901 817 absolvit.
1000 816 1007 823 ,

284 858 377 927 Duos
403 844 591 928 circiter'ac
624 854 742 947 viginti
767 878 871 929 anuos
900 869 995 925 uatus
1016 854 1185 945 publicum
1214 854 1257 925 de

236 996 274 1051 re
298 970 481 1063 theologica
500 986 589 1041 certa
597 993 672 1039 men
688 970 786 1054 iniit,
804 970 886 1061 quin
905 969 949 1039 ad
967 968 1152 1043 subsidium
1170 970 1259 1060 quis«

239 1110 339 1182 quam
357 1086 508 1157 haereret
524 1083 674 1177 ejusdem
702 1082 821 1169 lateri3
850 1100 885 1152 et
907 1084 942 1152 in
970 1107 1062 1159 sacro
1090 1084 1259 1175 theologo„

239 1228 313 1277 rum
333 1204 492 1295 collegio,
506 1217 543 1271 ut
570 1224 641 1271 uros
660 1216 729 1284 est,
749 1224 890 1271 examen
909 1200 1032 1286 sublit,
1060 1202 1097 1271 in
1121 1224 1260 1293 quorum

240 1334 373 1388 coetum
392 1330 583 1405 cooptatos,
591 1312 646 1381 ab
673 1313 946 1397 eminentissimo·
963 1314 1134 1391 cardinali
1152 1317 1259 1387 Geor
1305 1358 1310 1367 ·

242 1430 298 1520 gio
321 1426 475 1507 Cornelio
502 1427 655 1517 episeopo
682 1423 837 1515 patavino
865 1424 973 1518 jussus
999 1440 1052 1495 est
1083 1422 1119 1495 iu
1150 1422 1260 1497 Sami

242 1547 336 1627 pario
353 1546 442 1637 longi
465 1530 615 1636 magistri
634 1566 788 1613 munere.
810 1546 921 1635 thue
946 1559 1017 1612 erat
1035 1542 1214 1634 eleganti
1205 1567 1261 1611 m

117 1652 120 1657 ¹
244 1666 360 1761 genio,
379 1680 413 1735 et
430 1664 473 1735 ad
491 1664 618 1735 litteras
637 1664 734 1754 plane
754 1660 860 1748 lacto,
879 1662 999 1733 studiis
1017 1662 1261 1733 amoenioribus

245 1778 446 1851 destinatur.
468 1777 587 1868 Coepit
606 1777 716 1868 itaque
736 1775 779 1846 ad
798 1776 1038 1857 humanitatem
1059 1776 1199 1846 clericos*
1213 1776 1263 1844 irr-

245 1894 399 1981 stituere,
418 1912 488 1967 tom
507 1897 642 1967 eoadem
665 1890 796 1987 plenius
815 1897 966 1966 excolere
985 1894 1157 1967 rhetoricis
1171 1916 1263 1965 exer,

247 2012 480 2103 citationibusr
500 2032 598 2108 post,
617 2032 655 2085 ut
673 1997 715 2087 ad
743 2014 852 2107 majus
880 2013 1067 2097 theatrum,
1086 2013 1263 2085 translatus

247 2145 298 2201 e'st
318 2134 362 2202 ad
379 2124 596 2204 Academiam
617 2133 689 2223 (r),
719 2131 853 2201 Accidit
870 2154 929 2221 per
947 2130 1008 2199 hos
1027 2130 1117 2214 dies,
1135 2144 1174 2199 ut
1202 2128 1264 2204 Se·

247 2246 418 2317 basrianus
435 2249 622 2314 Franzonus
642 2244 695 2333 (a)
721 2266 741 2311 a
761 2241 947 2311 Seminario
975 2240 1158 2311 discederet
1169 2293 1180 2326 ,
1206 2240 1267 2314 uhi

250 2362 297 2431 rei
317 2360 497 2431 litterariae
516 2360 680 2431 curandae
697 2376 868 2451 praeerat,
897 2357 1063 2431 sufficitur
1079 2359 1203 2452 Joseph
1230 2359 1266 2431 in
1354 2356 1358 2363 ’

252 2477 449 2570 ejuslooum
459 2530 470 2563 ,
490 2501 556 2547 non
574 2476 610 2547 in
629 2476 884 2550 domesticorum
912 2474 1016 2545 oculis
1035 2490 1184 2563 tantum,
1206 2476 1267 2549 sed

253 2590 290 2661 in
310 2590 409 2660 totius
428 2590 529 2661 etiam
544 2588 802 2664 litteratissimae
821 2572 912 2659 urhis
932 2588 1088 2679 adspectu
1099 2588 1266 2678 positum.

251 2702 420 2793 Quamdiu
440 2703 546 2789 vixit,
574 2704 661 2773 hunc
681 2704 740 2780 illc
770 2703 895 2787 tenuit,
911 2720 945 2772 et
963 2702 1011 2771 ita
1030 2703 1157 2787 tenuit,
1172 2718 1210 2775 ut
1231 2720 1267 2777 et

253 2818 380 2906 optime
398 2840 530 2887 suorum
550 2816 757 2891 decessorum
777 2832 923 2889 tueretur
936 2837 1077 2901 nomen,
1096 2832 1130 2886 et
1147 2816 1267 2891 redde

253 2949 304 3003 ret
321 2958 357 3004 se
376 2934 593 3044 spectabilem
620 2958 685 3007 non
704 2935 803 3008 modo
828 2933 1042 3029 aequalibus,
1071 2936 1131 3005 aed
1157 2951 1269 3007 etse

253 3045 454 3133 trieribus,
444 3048 487 3119 ris
505 3048 608 3126 etiam
618 3101 629 3134 ,
648 3072 729 3139 quoe
748 3064 975 3141 praeceptores
994 3046 1172 3126 habuerat.
1200 3050 1266 3124 Di

249 3160 376 3249 ¹‘scipuli
393 3161 571 3253 pariterue
590 3162 740 3255 magistri
766 3184 879 3235 aecum
905 3162 1183 3254 quodammodo
1173 3188 1209 3234 m
1228 3188 1268 3244 ep

256 3272 458 3347 observando
471 3274 665 3363 'certabant
680 3282 789 3355 Tanta
806 3279 860 3353 illi
882 3278 1077 3357 auctoritas!
1098 3282 1194 3351 Hanc
1212 3280 1267 3355 ob.

260 3393 403 3469 tinuerat
419 3418 494 3471 cum
513 3398 671 3487 peculiari
687 3399 831 3491 quadam
850 3397 1094 3473 existimatione
1118 3396 1270 3489 eloquens

256 3507 323 3588 tiae
333 3558 345 3595 ‚
362 3524 432 3587 tuus
450 3510 616 3601 aequabili
630 3512 718 3581 vitae
733 3512 916 3587 constantia
926 3528 961 3581 et
979 3510 1156 3605 gravitut03
1167 3534 1267 3612 quatu
1295 3541 1299 3550 ·

592 3716 922 3753 &mmmmm

295 3882 351 3964 (il
370 3882 448 3949 Vide
467 3830 595 3947 renutat.
613 3906 679 3969 pag·
704 3886 770 3957 116,

302 3988 355 4070 (a)
375 3984 454 4065 Vide
473 3988 534 4071 ejus
553 3991 641 4053 vitam
659 4008 723 4072 pag.
744 3994 811 4071 ¹4⁰·
