3259 4959
449 373 453 386 ’
572 397 759 464 emerunt
777 397 894 462 nonar
1180 390 1249 474 265

233 517 332 608 didas
353 517 560 605 lrabebontur
582 533 790 605 academiae.
820 536 861 604 In
873 533 930 605 iris
950 548 1028 626 prae'
1046 535 1169 608 ceteris·
1185 559 1246 611 cr-

233 654 418 749 tipiebatur
435 652 633 726 Vincentius
661 652 898 724 acclamatione
926 665 960 723 et
979 653 1115 746 plausu.
1141 659 1246 730 Vale:

231 774 295 874 bat
313 775 404 846 enim
423 781 487 842 non
502 797 618 865 parum
644 773 786 844 oratoria
804 764 963 844 facultate
977 773 1101 865 pariter
1115 793 1149 846 et
1172 801 1249 870 poe-

231 896 320 966 tica.
340 893 587 986 Discipulorum
606 890 813 962 institutione
839 891 1011 978 absoluta,
1031 903 1106 964 oum
1125 893 1247 964 iisdem

229 1014 272 1086 ab
292 1013 372 1084 urbo
388 1012 550 1086 Venetiae
568 1009 750 1082 rediitlht
771 1012 859 1104 apud
875 1011 950 1081 illos
970 1012 1095 1081 mansit
1113 1015 1181 1082 toto
1200 1009 1248 1084 ti-

228 1149 282 1202 tae
301 1153 380 1202 suae
398 1153 513 1198 cursu.
539 1125 635 1217 Vlods,
654 1126 783 1217 inquit,
807 1123 866 1194 ubi
892 1126 1039 1197 mxime
1068 1125 1245 1218 optabunt}

229 1235 460 1327 beatissimo,
479 1240 615 1331 otioque
624 1241 726 1332 fruor
747 1236 981 1310 honestissimo
990 1292 1000 1326 ‚
1014 1239 1103 1330 qttod
1118 1265 1161 1313 ne
1173 1251 1249 1313 dcun

227 1363 331 1450 legno
350 1355 487 1446 quidem
504 1364 706 1425 comnmtem
725 1355 798 1446 (ί).1

274 1473 453 1542 Litteratus
476 1471 549 1561 ip'se
567 1468 752 1538 litterarum
770 1468 895 1538 'cultum'
920 1468 1085 1560 promovit
1108 1469 1246 1561 privatis

229 1590 437 1682 publicisque
467 1587 759 1661 exercitationibus
785 1603 820 1658 et
846 1587 996 1680 scriptis.
1020 1587 1131 1660 Multa
1155 1588 1245 1657 enim

227 1705 362 1796 scripsit
373 1703 477 1775 latina
495 1721 530 1774 et
545 1703 647 1791 itala,
659 1704 770 1795 gravia
783 1718 817 1774 'et
829 1703 953 1774 ludicra
964 1755 975 1788 ‚
985 1701 1090 1772 soluta
1100 1703 1245 1772 numeris

226 1830 260 1890 et
283 1844 368 1891 nexa
378 1849 390 1906 3
404 1835 438 1890 st
455 1819 537 1889 llaec
555 1820 643 1887 intc'r
661 1839 697 1889 se
715 1819 807 1888 va'ria
827 1826 865 1887 ac
884 1815 1064 1887 dissimilia
1084 1831 1246 1886 structura

224 1951 260 2011 et
278 1939 504 2010 dimensione.
533 1940 644 2010 Multa
670 1939 774 2010 etiam
792 1937 918 2023 edidit,
938 1937 973 2004 in
1002 1937 1055 2005 hls
1084 1937 1245 2028 quasdam

226 2057 403 2150 epistolas,
421 2077 456 2129 et
481 2075 586 2129 metro
614 2073 772 2129 carentes
792 2058 940 2148 dialogos
960 2065 1018 2125 seir
1037 2055 1157 2126 latinos
1170 2056 1244 2146 (a),

226 2167 262 2241 in
275 2173 393 2264 quibus
411 2172 535 2262 leporis
553 2171 735 2261 plurimum
748 2183 782 2238 et
794 2169 922 2260 ingenii
931 2191 1018 2254 ‚non
1036 2170 1121 2240 nihil
1141 2173 1244 2241 etiam
1348 2207 1353 2214 ·

226 2285 446 2356 acrimoniae.
467 2287 562 2353 Hanc
586 2284 740 2352 hauserat
769 2306 812 2352 ex
831 2282 999 2368 Lucieno,
1018 2283 1053 2351 in
1081 2282 1173 2376 cujus
1192 2285 1243 2352 le⁴⁴

225 2400 335 2470 'ctione
355 2397 524 2468 assiduus.
545 2399 693 2488 Apparet
718 2385 835 2468 eadem
864 2397 1059 2489 praesertim
1079 2397 1115 2466 in
1139 2415 1243 2466 anno-

224 2516 406 2587 tationibus
431 2533 466 2585 et
482 2515 671 2607 palinodia,
694 2536 794 2608 quam
818 2516 974 2611 subiicit.
1003 2517 1065 2586 liis
1089 2516 1243 2587 omnibus

222 2625 541 2724 salsc‚sei1potius
573 2630 691 2700 acriter
719 2632 826 2724 carpit
849 2631 988 2701 latinam
1009 2629 1194 2702 orationem
1222 2653 1242 2703 a

221 2749 346 2824 Jacobo
364 2751 550 2822 Facciolato
569 2769 737 2822 exaratam
753 2777 815 2843 pro
822 2751 947 2841 fisnsre
969 2749 1098 2841 Aloysii
1123 2751 1241 2823 Pisoni

226 2864 441 2936 Venetiorum
460 2864 556 2936 duc‘t's
573 2868 643 2958 (ὅ).
661 2867 797 2938 Vellem
816 2867 1018 2937 exercuisset
1036 2885 1131 2938 suurn
1154 2867 1239 2938 illud

223 2977 396 3069 ingenium
427 2995 461 3049 et
488 2981 556 3049 vim
575 2981 741 3071 poeticam
761 2983 796 3050 in
824 3007 858 3053 re
889 2982 1044 3052 meliore.
1067 2981 1239 3051 Adhibeo·

228 3111 282 3162 tur
299 3094 454 3186 quidem,
482 3093 540 3166 ubi
570 3118 653 3186 opus
676 3096 741 3182 sit,
770 3097 829 3167 sed
855 3097 928 3166 sins
954 3095 1134 3165 acerbitate
1157 3117 1237 3163 cen·
1268 3083 1270 3088 ’

187 3224 192 3234 “
225 3231 323 3280 sura.
343 3211 396 3282 Ad
415 3213 606 3299 alianum,
625 3237 711 3305 quae
728 3233 922 3300 occurrunt,
950 3214 1099 3309 ejusdem
1118 3235 1238 3304 opera.

268 3330 317 3399 Ac
333 3325 416 3401 mihi
431 3327 565 3423 quidem
579 3333 724 3425 primum
741 3334 859 3429 objicit
869 3358 906 3405 se
921 3351 1037 3426 poema
1050 3329 1238 3425 praeferens

566 3542 895 3594 mmmmmmm

225 3725 228 3730 ’
265 3731 314 3815 (r)
334 3729 369 3792 ln
387 3727 506 3813 epistola
525 3727 563 3790 ad
581 3730 731 3814 patricium
748 3747 901 3812 venetum,
920 3729 1104 3814 eumdemque
1123 3743 1236 3796 senae·

221 3854 285 3902 tero
304 3835 528 3919 amplissimum,
546 3837 679 3900 Venetiis
699 3839 777 3901 edita
795 3829 870 3908 Vlll
887 3839 930 3902 ld.
950 3839 1010 3902 Jul.
1032 3839 1118 3919 1743.
1221 3859 1224 3868 ·

267 3941 317 4019 (a)
338 3939 470 4005 venetiis
486 3960 563 4000 auno
582 3951 654 4023 ¹74¹
676 3943 709 4002 iu
726 3941 757 4005 ll.

262 4048 314 4127 (d)
333 4046 472 4132 Ejusdem
492 4047 628 4115 credonis
646 4049 768 4118 otuu.
