3259 4959
383 298 452 415 ard
863 334 949 399 utrl

389 478 485 531 vetur
506 450 643 532 ulterius
653 512 664 547 ‚
683 484 805 552 suoque
824 484 961 535 munere
980 461 1110 554 egregie
1129 458 1408 549 sanctuarium
1485 492 1489 502 ¹

389 576 481 645 ricae
503 574 691 667 provinciae
711 575 894 662 addicitur,
923 575 961 645 iu
987 600 1053 669 qua
1081 577 1217 652 traditos
1233 578 1301 652 sibi
1327 581 1403 655 alu·

272 782 275 803 Ι
391 714 487 761 mnos
507 691 655 777 exercuit
673 715 737 763 non
757 691 830 768 sine
848 714 969 787 magno
986 689 1134 787 ipsorum
1153 714 1346 790 progressu.
1461 708 1466 715 ’

433 814 505 883 Hae
524 834 618 903 porro
633 811 784 889 utebatur
797 812 937 887 docendi
955 810 1131 887 methodo.
1148 810 1216 883 Ubi
1236 829 1407 887 suctomur

390 926 693 1021 interpretationem
722 924 924 1017 susciperet,
943 923 986 995 ad
1016 924 1199 1017 pleniorem
1222 926 1410 1019 intelligen-

389 1048 473 1115 tiam
491 1041 662 1133 aperiebat
674 1043 805 1113 illorum
825 1056 973 1117 ruentem
992 1056 1028 1112 et
1044 1038 1195 1117 ordinem
1215 1039 1263 1114 rei
1283 1041 1405 1135 ipsius:

342 1254 345 1261 Ι
391 1163 522 1254 siquid
545 1158 748 1247 offenderet,
772 1162 859 1255 quod
880 1183 946 1234 non
966 1159 1121 1246 obvium,
1144 1175 1210 1232 non
1230 1158 1344 1235 statim
1372 1160 1410 1237 id

391 1280 580 1372 explicabat
599 1278 691 1370 ipse,
710 1276 770 1350 sed
790 1273 1023 1376 explicandum
1043 1292 1078 1345 et
1096 1276 1315 1355 evolvendum
1339 1277 1409 1349 suis

390 1398 595 1475 auditoribus
625 1395 856 1491 proponebat.
886 1395 1113 1491 Interrogabat
1141 1396 1306 1493 singulos,
1328 1396 1410 1497 quid

392 1520 573 1611 sentirent,
599 1533 635 1587 ut
662 1518 709 1587 ita
740 1529 964 1587 assuescerent
991 1512 1171 1607 periclitari
1198 1539 1275 1590 suas
1302 1516 1410 1596 vires.

392 1637 595 1710 Nitebuntur
622 1635 672 1707 illi
693 1636 846 1705 certatim
869 1634 1001 1727 assequi
1020 1633 1162 1705 auctoris
1185 1649 1351 1721 ruentem,
1375 1652 1413 1712 et

392 1756 625 1857 introspicere.
652 1755 805 1837 Pulcrum
829 1754 992 1857 putebant
1014 1754 1119 1833 rideri
1141 1751 1261 1831 eetsds
1284 1754 1412 1836 mutio«

393 1894 466 1947 res·

440 1988 526 2069 Cum
553 2006 630 2067 sero
659 1988 871 2065 scribendum
889 1985 1018 2083 aliquid
1039 1984 1083 2069 iis
1102 2005 1316 2089 proponeret,
1339 1988 1414 2062 edi-

393 2106 491 2181 cebat
514 2106 617 2199 ipsis,
645 2121 682 2180 ut
708 2104 927 2195 expoliendae
943 2120 979 2181 et
996 2104 1176 2185 terrendas
1191 2104 1330 2181 orationi
1357 2104 1414 2179 in.

394 2240 540 2312 starent,
559 2248 619 2301 nee
638 2223 799 2316 quidquid
821 2242 945 2303 temere
963 2242 998 2300 et
1020 2218 1205 2301 inconsulte
1218 2222 1410 2301 effutirent.

394 2340 444 2411 Ut
473 2336 710 2417 secunditatem
731 2338 765 2414 in
785 2338 855 2418 illis
872 2340 981 2426 alere,
1000 2338 1048 2417 ita
1074 2338 1298 2431 garrulitatem
1324 2360 1414 2411 coer.

393 2476 469 2527 tere
487 2456 614 2535 studuit
632 2458 801 2548 impense,
826 2458 936 2554 Quare
954 2455 1132 2558 aliquando
1150 2455 1192 2535 iit
1211 2455 1413 2556 praescribe

392 2566 453 2645 bat
478 2588 605 2647 eertum
624 2571 832 2661 periodorum
852 2593 1045 2655 numerum,
1065 2572 1117 2641 rel
1136 2587 1364 2664 argumentum
1390 2596 1412 2643 s

392 2707 430 2762 se
454 2683 658 2779 propositum
683 2707 757 2755 curn
776 2682 819 2758 iis
851 2683 976 2776 etipse
996 2682 1146 2761 texebat.
1174 2686 1211 2757 Si
1230 2686 1283 2756 oui
1302 2708 1345 2755 ex
1363 2684 1415 2755 di-

396 2796 534 2895 scipulis
555 2818 709 2890 prospere
730 2794 810 2889 quid
825 2796 977 2881 uertisset
986 2849 998 2883 ‚
1010 2796 1067 2883 id,
1085 2796 1294 2875 audientibus
1310 2795 1418 2869 omni-

392 2906 475 2999 bus,
504 2910 684 2999 recitabat,
712 2910 819 3007 iisque
848 2908 1053 3007 proponebat
1079 2911 1173 3008 quasi
1200 2911 1414 3003 exemplum:

393 3024 482 3097 unde
509 3025 646 3101 honesta
672 3024 731 3101 illa
751 3023 837 3097 inter
859 3047 915 3097 eos
934 3046 972 3099 ae
990 3022 1113 3098 nobilis
1132 3026 1327 3104 aemulatio,
1352 3025 1415 3105 Ei-

397 3135 474 3209 dem
493 3152 604 3213 autem
632 3134 778 3221 urasime
792 3133 884 3205 cordi
904 3148 975 3205 erat
992 3134 1193 3233 optimorum
1216 3136 1415 3234 scriptorum

395 3252 496 3333 lectio
515 3270 612 3357 atque
631 3250 861 3333 inritatio.Ad
878 3253 964 3331 hanc
981 3251 1130 3344 quotidie
1149 3276 1205 3325 eos
1219 3254 1415 3343 exercebat,

396 3388 435 3449 ιιι
460 3372 640 3473 plurimum
668 3396 708 3449 ea
732 3395 935 3465 proponens,
963 3394 1048 3495 puae
1074 3395 1160 3449 eota
1178 3372 1261 3475 ipsis
1284 3372 1417 3454 accidere

398 3504 492 3579 rent,
512 3506 546 3570 et
564 3488 788 3569 curiositatem
808 3488 1041 3569 incenderentr

443 3608 507 3687 llis
537 3608 690 3689 omnibus
721 3622 755 3679 et
786 3606 1010 3687 adolescentes
1037 3605 1150 3683 utilius
1178 3605 1355 3699 progredi,
1370 3622 1418 3687 ,et

397 3722 471 3823 eius
497 3750 617 3805 nomen
641 3726 767 3805 indies
792 3704 934 3805 clarere.
959 3722 1013 3806 Ad
1031 3746 1108 3803 tutu
1127 3722 1264 3803 adibant
1281 3722 1345 3797 riri
1371 3722 1417 3799 it.

396 3834 517 3925 lustres
540 3868 616 3916 curn
636 3843 797 3938 dignitate
824 3865 1017 3937 regenero,
1037 3859 1108 3915 tum
1127 3842 1295 3929 doctriua,
1318 3842 1418 3935 eique

392 3962 531 4063 ‚leuno
549 3964 748 4036 intererant.
769 3960 853 4043 Vidi
876 3978 1030 4067 egomet,
1048 3986 1125 4037 curu
1142 3960 1215 4067 ejus
1238 3958 1418 4059 discipline
