3259 4959
521 359 705 430 rauncrscr'
728 359 907 428 notantur
1154 340 1226 447 419

208 480 269 576 ltus
290 502 456 572 inanimae
475 500 568 586 fidei,
587 525 657 569 rem
676 499 874 591 expendisse
895 477 1164 591 diligentissime,
1181 499 1221 566 il·
1301 491 1303 494 ’

208 622 330 711 ludque
349 619 385 688 in
405 617 523 708 primis
542 637 672 685 curasse
699 615 809 706 (quod
835 631 870 683 et
896 613 931 684 in
956 613 1098 683 Psalmis
1118 618 1220 706 ante)

205 751 243 804 ut
259 759 318 804 sua
341 732 447 803 versio
476 739 608 800 omnem
637 725 772 798 referret
800 727 978 820 primigeni
1000 746 1107 798 textus
1127 728 1217 814 vitu,

205 865 239 918 et
258 863 401 916 servaret
421 845 551 936 (quoad
572 844 706 934 posset)
725 843 860 912 'easdem
880 841 1063 933 imagines,
1081 865 1218 933 compa-

205 966 364 1050 rationes,
382 961 499 1034 efsatar
522 963 619 1053 Quod
639 949 872 1032 difficillimum
893 976 973 1032 sane
992 963 1028 1030 in'
1046 943 1120 1047 lris,
1135 985 1220 1052 qnae

203 1077 477 1150 aconsuetttdine
496 1091 606 1146 nostra
626 1075 754 1145 in‘lin'ito
774 1075 1011 1166 propemodum
1037 1077 1146 1166 spatio
1164 1077 1219 1144 di·

202 1213 310 1268 stant.
339 1199 433 1286 Opus
465 1193 528 1262 hoc
555 1175 747 1266 Franciscu's
772 1191 897 1262 dicavit
919 1177 1016 1262 l‘etro
1035 1193 1218 1264 Barbadico

206 1311 379 1396 senatori,
409 1331 447 1378 ac
475 1331 533 1376 suo
569 1306 753 1375 inaccenati
785 1307 992 1399 amplissimo
1005 1340 1018 1398 ,·
1047 1323 1217 1400 tamquam

204 1426 288 1520 grati
308 1426 412 1496 animi
432 1432 704 1497 tnoirume'ntnma

227 1570 231 1576 ·
249 1544 320 1612 lloc
339 1540 411 1632 ipso
431 1545 516 1608 antio
535 1563 663 1610 sacrum
680 1538 871 1632 Sapientiae
888 1523 1010 1610 librum
1025 1524 1144 1612 ltaliae
1161 1542 1219 1615 ‹te-¹

202 1656 271 1740 dit,
291 1671 325 1724 et
348 1655 384 1724 in
403 1653 511 1726 lucem
530 1655 637 1739 misit,
655 1655 796 1739 iisdem,
818 1655 855 1722 ut
872 1655 920 1724 ita
939 1657 1213 1748 loquar5t1nibns

199 1787 276 1840 ante
296 1769 445 1862 vestigiis
464 1769 620 1839 haerens.¹
648 1769 938 1860 Quemadmodum
963 1768 1053 1838 enirn
1078 1769 1213 1839 alterius

197 1889 293 1978 libri,
318 1889 366 1959 sic'
386 1884 513 1981 singula
528 1903 562 1956 et
576 1885 671 1982 ltn'jus
690 1886 801 1978 capita·
820 1887 1002 1980 praemisso
1020 1894 1214 1979 argumento

195 2009 355 2100 explanet
365 2041 375 2094 ,·
390 2025 424 2078 et
442 2005 558 2076 breves
577 2005 702 2098 passim
722 2005 1025 2075 animadversiones
1046 2013 1214 2097 praeterea

198 2129 349 2224 subjicit.
379 2123 543 2197 Brevitate
565 2124 723 2192 lectorum
742 2120 877 2193 fastidio
900 2123 1063 2205 occurrit,
1083 2127 1213 2216 perspi·

199 2245 321 2317 ciuitate
341 2233 417 2314 vero
435 2240 654 2334 ignorantiae.
674 2231 763 2331 Quid
784 2256 895 2312 autern
914 2241 977 2313 eibi
1000 2243 1129 2315 consilii
1145 2243 1214 2315 fne-

198 2357 242 2446 ri't
262 2362 296 2430 in
315 2361 378 2431 hoc
396 2355 543 2444 edendo,
561 2372 672 2429 narrat
690 2361 724 2430 in
745 2360 965 2452 praelatione.-
985 2361 1208 2433 Animosne·

200 2469 285 2548 terat
305 2477 432 2550 scilicet
450 2474 622 2544 nonnullos
642 2475 852 2566 impudenter
877 2456 1149 2568 philosophantes
1176 2477 1212 2546 in
1301 2477 1306 2493 ⁰

197 2614 290 2682 reges
309 2605 344 2658 et
363 2588 540 2677 optimates
560 2587 732 2674 invadere,
744 2603 778 2658 et
797 2603 970 2682 utrumque
990 2592 1137 2684 regimen
1153 2616 1212 2684 op

196 2731 357 2802 pugnare.
384 2709 431 2778 Ut
448 2707 532 2776 hanc
551 2707 662 2779 labem
681 2725 847 2796 coerceat,
868 2709 989 2781 librum
1004 2711 1091 2779 lnmc
1109 2710 1208 2781 exhi-

194 2827 254 2898 bet
272 2825 426 2896 omnibns
445 2813 539 2918 quasi
557 2815 762 2917 antidotum3
786 2827 849 2899 ltoc
866 2829 1073 2919 exstinguere
1092 2828 1211 2899 nititur
1287 2837 1292 2844 ’

191 2945 463 3039 perniciosissimi
485 2946 591 3016 morbi
612 2928 760 3024 semina.
780 2947 942 3019 Eamdem
963 2946 1047 3014 hanc
1066 2945 1109 3013 ob
1127 2971 1207 3018 cau.

188 3061 262 3138 iarn
281 3066 546 3137 dissertationem
565 3067 715 3162 adjungit
738 3067 878 3137 solidam
906 3083 940 3135 et
967 3087 1120 3158 gravem,
1140 3091 1206 3158 qua

190 3185 391 3278 principatus
406 3181 457 3281 jus
476 3185 510 3255 in
530 3185 681 3256 homines
700 3187 764 3255 sibi
780 3185 930 3256 subditos
946 3185 1091 3254 vindicat
1104 3201 1137 3255 et
1151 3185 1208 3256 de·

193 3301 320 3387 lendit‚
344 3303 520 3373 excludens
541 3303 709 3395 quaelibet
733 3304 864 3373 illorum
884 3301 918 3372 in
938 3299 1008 3395 ejus
1027 3301 1205 3371 auctorita-

192 3429 259 3483 tem
275 3413 427 3485 arbitria.
440 3416 511 3485 Hac
530 3415 733 3486 demonstrat
752 3413 834 3485 falso
848 3417 1012 3507 principio
1024 3416 1106 3501 niti,
1119 3440 1204 3507 quac

191 3528 295 3599 simili
317 3529 350 3597 in
371 3553 404 3598 re
424 3529 613 3624 vulgaverat
630 3528 789 3600 Nicolaus
807 3529 1015 3621 Spedalerius
1025 3584 1035 3617 ‚
1054 3529 1124 3598 solo
1152 3546 1204 3600 ta-

186 3675 264 3724 men
292 3671 398 3719 errore
426 3651 569 3737 mentis,
593 3665 630 3719 ut
657 3649 729 3740 ipse
757 3646 915 3734 affirmat,
942 3675 1007 3718 non
1034 3651 1198 3741 pravitate

186 3770 336 3841 consilii.
357 3771 410 3841 ,td
429 3769 526 3864 hujus
545 3769 652 3862 operis
680 3768 898 3860 patrocinium
926 3771 1104 3843 Zachariae
1122 3776 1198 3846 Va-

186 3889 301 3961 laressi
324 3890 597 3982 praestantissimi
617 3890 776 3960 senatoris
796 3913 915 3964 nomen
936 3908 1086 3984 usurpat.
1105 3893 1197 3966 Ilaec

186 4009 314 4084 menda
333 4005 452 4100 selegit
470 4029 513 4076 ex
531 4006 632 4078 sacris
651 4006 805 4082 Litteris.
