3259 4959
380 294 427 399 46

373 456 600 540 argenteorum
620 432 792 517 nummum
813 428 939 517 millia.
967 430 1100 520 Sturiuit
1127 468 1185 542 per
1212 436 1391 541 patricium

373 584 529 639 venetum
547 593 616 637 rum
641 568 839 660 transigere.
872 568 1053 660 Negotium
1076 586 1149 641 erut
1178 571 1366 666 hujusmodi
1379 618 1393 645 ι

300 766 304 777 ,
374 682 452 755 Non
475 685 571 771 lunge
595 680 636 753 ab
664 680 786 772 oppidu
813 680 1093 755 Montunesneu'si
1124 686 1201 757 erint
1222 685 1293 777 agri
1321 684 1390 757 fer-

374 796 478 877 tiles,
502 794 589 863 unde
614 794 789 885 exiguntur
811 794 997 867 decumus.
1030 796 1101 873 Has
1131 792 1191 869 ille
1221 801 1391 890 acquirere

372 906 595 977 meditabatur
628 932 703 979 eum
733 906 807 979 aliis
841 910 1014 1003 praediis,
1040 934 1125 1003 (prae
1151 912 1233 983 olirtr
1259 908 1390 983 fuerunt

370 1020 612 1091 Monuchorum
640 1023 674 1095 S.
702 1023 833 1093 Mariae
870 1022 911 1093 dc
938 1025 1164 1112 carceribus,
1189 1024 1233 1097 ad
1267 1048 1387 1118 perpe·-

371 1148 464 1201 tuum
483 1156 560 1205 curn
591 1135 798 1221 seminarii,
819 1152 890 1207 turn
917 1137 1059 1229 cotragii
1079 1138 1248 1212 trustensis
1270 1163 1391 1228 usum,

367 1252 457 1345 quod
477 1252 520 1325 ad
542 1254 787 1329 institutionem
806 1256 972 1329 nobilium
991 1258 1270 1345 adolescentium,
1291 1279 1387 1351 pata-

366 1368 519 1439 vinorum
539 1370 735 1463 praecipuet
769 1370 1007 1443 stubiiiurdurn'
1035 1389 1205 1444 curaverat
1233 1375 1308 1465 (ι).
1331 1377 1388 1446 De

369 1488 418 1559 rei
437 1486 536 1581 hujus
561 1504 680 1561 eventu
711 1510 777 1557 rrou
805 1486 887 1559 sutis
910 1503 1052 1561 constat.
1084 1492 1389 1584 Quamquam-non

369 1622 439 1693 cst,
459 1612 545 1699 quod
565 1608 681 1677 horum
701 1608 831 1699 singula
849 1609 1010 1680 narrando
1028 1626 1225 1700 persequar.
1243 1612 1388 1685 Generao

370 1726 433 1800 tirn
453 1725 561 1797 dicatu
593 1740 690 1815 atque
718 1726 909 1795 uerissime:
947 1744 1033 1797 totus
1066 1722 1243 1800 seminarii·
1266 1752 1389 1806 census
1477 1766 1481 1771 ⁴

368 1860 404 1913 et
423 1862 495 1931 est,
515 1861 548 1913 et
566 1844 686 1913 dicitur
714 1846 941 1937 gregorianus.
971 1846 1025 1915 ,td
1054 1841 1203 1941 ejusdem
1230 1844 1384 1919 Sentinas

368 1962 411 2033 rii
431 1965 529 2037 docus
559 1962 744 2057 sugendum
774 1962 1014 2035 bibliothecam
1042 1962 1221 2052 instruxit,
1245 1990 1389 2059 eamque

368 2084 497 2157 ornarit
514 2080 714 2175 comparatis
738 2082 883 2175 undique
904 2079 947 2155 ari
966 2080 1150 2177 quamlibet
1168 2083 1385 2174 disciplinam

368 2200 466 2271 libris
484 2198 636 2291 piurimis
648 2251 659 2284 ,
680 2198 834 2285 eximiis,
854 2198 937 2269 raris
964 2210 1000 2269 et
1027 2199 1111 2271 Mss.
1132 2200 1195 2271 His
1222 2200 1300 2271 addi
1326 2225 1386 2268 vo-

367 2310 452 2399 luit,
471 2340 565 2389 suum
585 2330 659 2405 post
678 2331 838 2399 mortem,
853 2330 1014 2406 quotquot
1028 2314 1094 2385 sibi
1115 2310 1245 2384 suerunt
1258 2314 1386 2385 viventi

368 2429 459 2512 usui,
478 2452 616 2517 quorum
637 2450 792 2497 numerus
811 2449 877 2497 non
895 2427 1033 2518 exiguus
1052 2428 1128 2519 (2).
1153 2428 1285 2500 Ihidern
1312 2423 1387 2499 edi·

368 2560 440 2617 tum
464 2546 565 2621 etium
583 2544 693 2621 locutu
714 2544 951 2615 mathematico
969 2566 1068 2633 opere
1095 2546 1238 2613 construi
1263 2543 1387 2635 jussit,

367 2662 455 2731 unde
481 2658 579 2731 focile
609 2661 752 2752 prospici
781 2660 910 2729 caetum
939 2674 1070 2750 posset,
1097 2675 1132 2728 et
1154 2653 1386 2733 instrumentis

367 2782 477 2873 ipsum
499 2782 617 2852 ditavit
635 2780 892 2852 inservientibus
909 2795 1068 2851 astrunnn
1092 2774 1251 2849 scientiae
1266 2782 1310 2851 sd
1322 2778 1381 2853 Se-

366 2896 619 2967 miuurieusium
636 2913 669 2966 et
689 2894 828 2967 aliorum
843 2895 946 2967 etium
967 2892 1189 2967 eruditionem
1206 2898 1279 2986 (3).
1294 2900 1386 2985 Qua·

368 3032 509 3101 cumque
526 3009 748 3101 ingredimur,
760 3010 796 3079 in
806 3008 940 3100 aliquod
958 3010 1197 3080 beneficentiae·
1209 3009 1298 3080 illius
1313 3034 1386 3078 rno-

368 3140 562 3197 uumentum
588 3105 763 3215 vestigium
783 3122 935 3212 ponimns
946 3175 954 3192 .
965 3123 1031 3212 Qui
1043 3122 1108 3193 sibi
1122 3121 1263 3213 plurima
1280 3122 1387 3212 patie-

366 3238 465 3313 bstur
482 3238 595 3309 deesse
604 3292 616 3324 ‚
633 3238 719 3309 nihil
737 3238 853 3309 deesse
871 3239 974 3309 voluit
992 3236 1192 3309 seminario.
1206 3240 1315 3307 Immo
1334 3237 1387 3305 ei·-

367 3356 443 3435 ‹iem
464 3358 576 3433 omniu
594 3360 648 3429 rei
667 3358 708 3433 at
728 3378 958 3431 ornamentum
987 3356 1149 3448 providit,
1169 3380 1208 3425 eo
1232 3354 1302 3447 ipso
1320 3378 1383 3423 cu·
1473 3446 1478 3453 ,

366 3495 422 3547 rus
441 3474 535 3544 nobis
554 3472 707 3546 erunibus
721 3499 762 3542 ac
780 3471 1019 3544 desiderandus
1027 3526 1039 3559 ,
1051 3471 1140 3563 quod
1153 3470 1322 3563 prospexit
1336 3490 1385 3538 ne

704 3646 1033 3673 ΜἈΜἊἈΜΜΜΜ

409 3752 459 3831 (ι)
481 3751 549 3812 Act.
569 3751 672 3812 Bessis.
693 3753 738 3813 T.
759 3752 812 3813 tv.
832 3751 970 3812 summor.
990 3770 1054 3833 pag.
1070 3770 1142 3830 229.

408 3862 457 3941 (2)
480 3858 555 3921 Ihid.
578 3862 619 3923 T.
640 3860 1012 3941 11.Sururunr.psg.213.

393 3974 456 4055 (ὃ)
477 3972 552 4037 lbid.
577 3976 620 4038 T.
641 3973 696 4041 lv.
717 3971 858 4036 Summas.
878 3988 945 4053 pag.
964 3987 1031 4051 ²¹9·
1053 3986 1124 4050 229.
