3259 4959
533 367 618 418 oms
635 367 756 417 raconr
778 359 978 415 recurrunt
1195 337 1265 412 103

238 492 301 570 hos
319 488 422 562 coluit
445 489 626 582 plurimum
653 504 722 560 tots
745 489 839 559 uita.
867 491 987 582 Ingens
1007 511 1101 581 porro
1128 487 1264 560 exstitit

240 637 284 684 ex
302 627 393 682 tanto
412 607 638 682 familiaritate
656 607 818 702 cognitio.
834 608 934 680 Nihil
952 605 1019 678 fere
1040 608 1074 678 in
1092 607 1135 678 iis
1146 632 1255 680 occur-

239 726 359 823 rebat,
387 725 474 828 quod
500 724 558 805 ille
587 747 652 803 nort
671 719 884 825 expendisset
901 719 1137 791 solertissime.
1167 724 1255 794 llino

240 840 324 926 alii,
342 839 373 923 ei
400 837 480 930 quid
499 836 631 919 obscuri
647 837 854 918 inuenissent
870 835 905 904 in
930 836 1058 928 graecis
1078 837 1256 932 praecipue

237 951 424 1036 auctoribus
433 1005 445 1036 ‚
454 951 499 1035 od
514 975 613 1037 eum,
623 967 749 1021 oestrum
760 950 855 1043 qussi
877 951 920 1029 ad
935 951 1169 1044 interpretem,
1181 975 1257 1023 eon-

237 1070 413 1157 uolabant3
431 1069 498 1150 riri
522 1069 627 1160 etiam
651 1069 794 1150 multum
821 1067 910 1138 docti
934 1091 974 1144 ae
992 1069 1149 1156 litterati,
1168 1070 1256 1142 inter

240 1213 323 1280 quos
334 1185 927 1277 DominiousLezzarinus,politiorie
946 1183 1163 1262 humanitatis
1178 1212 1254 1281 pro-

239 1303 342 1376 fessor
353 1305 390 1373 in
402 1303 536 1395 publico
550 1304 708 1396 patavino
714 1303 899 1393 Gymnasio
909 1355 918 1388 ‚
929 1319 962 1372 et
978 1326 1112 1396 graecae
1121 1306 1256 1399 linguae

239 1419 276 1490 in
296 1420 413 1508 primis
433 1418 580 1510 peritus.
596 1418 706 1509 Atque
724 1414 781 1485 hio
798 1415 937 1508 quidem
955 1415 1037 1496 elim
1052 1417 1091 1500 in
1111 1419 1199 1489 viam
1219 1443 1255 1489 se

239 1530 397 1614 dederat,
412 1547 450 1612 ut
475 1555 553 1615 eum
581 1530 787 1612 consuleret.
813 1528 1010 1613 offenderat
1026 1531 1116 1608 enim
1144 1533 1255 1604 locum

237 1641 274 1713 in
302 1650 448 1730 oratione
479 1646 623 1740 quadam
649 1643 889 1717 Demosthenis
909 1645 1006 1728 valde
1029 1645 1253 1738 implicitum.

236 1763 323 1836 Cum
339 1767 531 1850 Jacobettus
549 1766 727 1857 derepente
744 1765 782 1850 lit
796 1764 848 1838 illi
867 1765 984 1843 olrrius
1000 1819 1011 1847 .,
1028 1765 1181 1839 salutant
1198 1765 1253 1835 in·
1270 1749 1272 1756 '

236 1885 365 1974 vicem,
383 1885 430 1956 uti
451 1910 545 1974 mos3
565 1901 636 1970 tum
654 1885 869 1966 lamsdnus:
888 1918 907 1952 u
922 1889 1032 1978 Quam
1051 1903 1252 1979 opportunus

233 2035 254 2070 u
277 2004 360 2073 mihi
382 2005 544 2091 occurris,
571 2006 702 2097 inquit,
726 2007 926 2082 Jsoolrettel
947 2011 999 2079 Te
1017 2006 1146 2078 scilieet
1163 2029 1250 2077 nuno

234 2118 370 2191 odiham
388 2147 434 2208 ug
452 2120 550 2211 eique
568 2119 623 2201 eui
648 2119 778 2202 itineris
804 2143 940 2200 eausam
957 2121 1086 2210 sperit.
1105 2121 1168 2190 Cui
1180 2092 1253 2192 ¹lst-

235 2232 387 2302 eobettus
404 2247 516 2314 stans,
533 2247 572 2308 ut
588 2230 731 2316 dieitur,
748 2231 834 2321 pede
852 2229 889 2300 in
906 2255 990 2316 uno,
1000 2230 1095 2310 illico,
1108 2253 1179 2300 rem
1197 2253 1253 2300 ex-

233 2343 359 2434 pellit.
381 2343 459 2422 ΝοιιΙ
487 2341 750 2431 praetermittam
768 2343 934 2430 alterum,
955 2345 1013 2437 qui
1033 2343 1116 2413 milri
1136 2365 1251 2412 oceur-

232 2461 300 2544 rit,
319 2459 559 2550 Hieronymum
579 2461 708 2532 scilieet
724 2463 908 2550 Ascanium
923 2463 1168 2545 Justinisnurn.
1182 2463 1248 2536 Hie

233 2579 409 2658 nonnullas
424 2579 661 2665 Demosthenis
679 2584 864 2671 motiones,
884 2607 969 2676 quas
984 2584 1022 2664 in
1039 2575 1157 2664 italum
1175 2606 1246 2654 ser-

231 2717 365 2765 monem
383 2711 542 2780 verterat,
570 2695 712 2792 subjecit
737 2697 903 2775 Jaeohetti
921 2695 1065 2794 judicio,
1083 2713 1122 2767 ut
1147 2693 1248 2768 refert

120 2876 125 2888 .
231 2814 394 2884 Antonius
414 2814 458 2892 de.
474 2814 665 2890 Comitihus
679 2818 756 2908 (r).
773 2819 904 2902 Priores
919 2815 1111 2892 deferebant
1129 2839 1246 2888 omnes

230 2924 266 2996 in
287 2923 411 3016 graecis
429 2927 550 3008 litteris
571 2929 766 3014 tacebatur,
783 2929 821 3010 in
843 2933 964 3024 quibus
980 2932 1057 3016 ille,
1076 2945 1113 3000 ut
1130 2927 1249 3006 soriltit¹

228 3038 445 3124 Faooiolntus‚
463 3038 541 3123 sine
554 3042 780 3114 controversia
795 3041 993 3136 praestabat
1012 3047 1027 3137 (
1052 3047 1085 3134 ).

275 3158 396 3228 Earum
419 3181 518 3243 usum
533 3176 571 3239 ut
588 3160 784 3255 expeditum
809 3179 848 3246 et
871 3163 948 3235 aliis
967 3163 1138 3250 redderet,
1154 3187 1248 3256 grae-2.

571 3391 903 3438 mmmm

269 3559 301 3636 (ι
322 3553 461 3622 Habete
478 3554 668 3632 Gioconrettr',
688 3555 748 3619 ebe
767 3561 854 3625 nella:
879 3564 999 3646 peritia
1021 3561 1107 3624 dello
1135 3565 1240 3645 lingua

226 3684 320 3743 greco
336 3665 421 3731 nollo
439 3665 550 3725 cedern
568 3667 599 3724 oi
615 3670 669 3746 pit
678 3669 793 3744 famosi
816 3669 869 3728 det
892 3671 965 3733 XV
959 3671 981 3731 1
993 3676 1110 3750 recolo,
1130 3678 1161 3734 le
1187 3697 1239 3757 ap-

223 3773 315 3849 provd
333 3771 483 3845 museto,
503 3789 553 3842 mo
571 3769 601 3828 le
621 3771 769 3848 ommird.
786 3770 882 3860 Opere
901 3773 1023 3839 diunt.
1043 3775 1132 3841 Genti
1150 3775 1192 3841 Τ.
1212 3775 1243 3842 l·

1085 3895 1094 3926 d

230 3893 293 3956 nar·
316 3878 366 3950 u·

268 3975 317 4055 (2)
338 3977 417 4041 Fasti
434 3977 542 4062 Gym.
561 3994 625 4075 gat,
642 3983 686 4048 T.
703 3983 744 4048 11.
753 4003 830 4071 gog.
849 3985 921 4088 Sug.
