3259 4959
519 341 639 392 saccea
658 339 867 391 racematur
1143 319 1228 421 129¹

190 464 269 551 bat,
292 455 341 533 aie
358 453 522 533 retinebat
543 457 648 553 ‘qaam
668 459 856 531 diutiaeime
880 479 965 552 quae
978 471 1203 554 perceperat.

190 582 330 675 Optime
344 580 528 652 disserendi
545 582 674 651 ratione
690 581 868 650 instructus
883 594 975 663 erat,
994 595 1065 648 tum
1092 581 1205 652 erudi-

191 719 244 774 tae
269 701 395 794 graecia
425 699 548 771 litteria
573 715 609 772 et
635 698 794 770 historie.
812 697 904 770 Nota
930 720 1059 790 quoque
1086 697 1204 768 hahuit

189 816 460 909 philosophorum
478 829 679 906 systemata.
699 816 739 883 In
758 812 850 905 poesi
870 835 935 881 non
954 811 1133 882 admodum
1150 833 1207 882 ex-

190 931 350 1016 cellebat,
365 929 546 1023 plurimum
564 928 601 997 in
620 927 827 1019 eloquentia.
843 927 882 998 In
901 923 1058 996 familiari
1078 947 1205 996 aermo-

172 1023 232 1116 ¹tre
251 1069 367 1138 pamm
385 1044 548 1125 disertus,
570 1041 718 1112 maxime
745 1062 824 1110 vero
848 1056 1018 1131 praestans
1045 1037 1205 1112 facilitate

191 1163 359 1238 scribendi
378 1161 482 1232 etiam
510 1157 660 1230 difficilia
690 1174 725 1230 et
754 1157 914 1229 obscura.
935 1156 1142 1248 singularem
1165 1155 1202 1224 in

190 1279 255 1348 hoc
273 1273 506 1346 excellentiam
516 1287 684 1346 aeaecutrte
702 1269 829 1357 fuerat,
848 1286 883 1344 et
900 1269 1117 1344 excellentiae
1131 1269 1206 1363 opi-

191 1396 347 1466 cionem.

238 1510 325 1580 Hinc
344 1507 415 1601 eiua
431 1507 502 1580 vita
518 1504 644 1597 prodiit
662 1507 830 1597 Augtutae
848 1502 1101 1576 Vindelicorum
1121 1503 1206 1572 auno

193 1627 315 1699 saeculi
326 1626 501 1719 superioria
510 1624 654 1717 ceptimo
662 1623 955 1718 etquadrageeimo
965 1639 1021 1710 ,ut
1030 1621 1143 1694 videre
1154 1640 1206 1693 eat

189 1739 228 1810 in
246 1740 381 1811 Decede
402 1741 453 1812 Vl
475 1735 720 1808 Pinacotloecae
736 1735 936 1830 scriptormn
949 1747 1066 1808 nostra
1090 1745 1205 1807 aetate

190 1849 318 1922 litteris
334 1847 543 1938 ithacium,
570 1875 591 1922 a
617 1851 742 1923 Jacobo
756 1853 920 1923 Bmckero
939 1851 1140 1922 instructae.
1164 1853 1205 1920 In

190 1963 377 2042 Seminaric
393 1963 549 2056 patavino
563 1982 711 2036 terretur
724 1964 839 2035 tabula
852 1963 996 2036 referens
1015 1965 1106 2035 illius
1123 1965 1206 2034 ima-

189 2078 303 2169 ginem
321 2077 365 2148 ab
383 2079 527 2170 ipaomet
545 2077 631 2147 dono
650 2094 802 2168 accepta,
812 2077 925 2148 vivide
945 2095 1055 2150 autem
1075 2099 1208 2168 expres·

191 2218 229 2266 aa
248 2221 269 2266 a
286 2196 398 2265 Maria
416 2193 586 2266 Scanlessa
604 2193 732 2286 virgine
750 2193 951 2285 probissima
975 2195 990 2285 (
1014 2199 1049 2284 ).

235 2311 331 2397 Quae
348 2307 494 2378 breviter
520 2306 678 2376 hactenus
706 2330 744 2379 ac
772 2306 971 2398 simpliciter
997 2306 1089 2392 dixi,
1112 2329 1205 2381 cotn-

189 2421 349 2494 mendate
366 2417 462 2489 uobis
481 2417 604 2490 debent
621 2419 712 2498 illiue
731 2419 927 2495 memoriam
937 2447 949 2506 3
968 2417 1104 2492 utillud
1131 2415 1207 2496 ma.-

188 2535 303 2620 xime,
322 2532 409 2626 quod
427 2546 554 2610 mutam
571 2532 698 2630 ingenii
716 2533 849 2611 laudem
874 2554 994 2624 magna
1022 2531 1218 2604 cumularit·

190 2649 289 2720 laude
306 2649 418 2726 ritae.

236 2768 330 2856 Quae
360 2768 450 2838 illiue
474 2767 512 2838 in
540 2764 665 2837 amicos
690 2766 859 2838 voluntat!
893 2789 992 2859 quam
1020 2765 1202 2837 benevola!

189 2908 290 2976 quam
317 2884 489 2978 ingenua!
517 2888 571 2956 De
597 2885 651 2955 hie
673 2885 710 2955 in
736 2886 805 2956 auia
833 2885 982 2976 epistolia
1005 2884 1203 2956 honorilice.

189 3004 261 3074 Hoc
273 3003 317 3073 ad
327 3027 364 3074 ee
377 3005 535 3076 adeuntes
546 3004 736 3078 humaniter
752 3005 962 3098 excipiebat.
977 3002 1140 3076 Mittebat
1156 3018 1204 3074 et·

188 3114 258 3186 iam
276 3117 320 3187 ar
336 3141 394 3188 eoa
411 3118 624 3207 munuscula,
643 3141 743 3211 caepe
762 3117 902 3206 fructur,
918 3142 999 3212 quoe
1017 3119 1142 3210 legerat
1159 3139 1203 3192 ex

189 3227 316 3300 urbano
335 3230 516 3302 domestico
537 3257 598 3302 auo
615 3233 785 3324 praediolo
796 3235 871 3325 (a).
887 3235 956 3304 llos
975 3231 1137 3310 demereri
1150 3255 1203 3304 cu-

533 3400 863 3431 mmm

228 3537 285 3618 (ι)
299 3535 388 3600 Edita
407 3539 468 3623 ejus
487 3540 550 3605 rita
562 3541 675 3602 Patavii
694 3561 759 3604 cum
775 3539 832 3600 hcc
852 3540 959 3603 titulo:
976 3539 1123 3604 Memoria
1141 3552 1204 3604 stou·

189 3639 270 3700 riche
288 3645 453 3731 intomo'la
474 3647 535 3704 vita
551 3643 586 3702 di
604 3641 713 3706 Maria
731 3643 894 3706 vomenta
906 3641 1082 3718 Scuderla.
1100 3645 1203 3714 Pado*
1222 3625 1231 3640 ’

183 3759 221 3801 να
243 3744 317 3826 1766
332 3765 389 3826 per
406 3747 431 3805 li
458 3745 619 3807 Camurti.

229 3849 278 3925 (a)
298 3849 347 3911 De
367 3847 449 3912 horto
474 3851 578 3913 Jacehi
603 3852 763 3916 Facciolati
793 3851 856 3918 vid.
885 3851 1131 3940 chdecaayllab.
1160 3873 1201 3930 aa,

187 3953 279 4019 Tem.
295 3957 330 4022 X
349 3957 438 4043 Oper.
459 3961 510 4023 Jc.
527 3961 612 4044 bapt.
630 3961 750 4038 licbtrti
767 3983 834 4048 pag.
855 3964 927 4046 296·

469 4063 493 4136 9
544 4070 553 4086 s
