3259 4959
436 323 504 420 432
890 341 973 396 vrrs

433 462 619 536 necessario
647 461 817 532 fidetium
839 462 1069 534 communione
1086 489 1162 535 cum
1182 471 1366 559 oportolr'ea
1383 477 1441 546 Se.

430 585 493 658 de.
512 587 582 655 Hoc
601 601 711 654 autem
732 581 836 652 tribus
855 583 1024 652 mensibus
1043 601 1120 655 ante
1137 585 1268 662 obitum
1286 593 1441 666 Cardine·

430 699 474 771 lis
498 697 653 768 traditum
673 695 738 785 ipsi
766 692 890 778 fuerat,
915 707 954 764 ut
980 695 1138 784 testium,
1174 699 1233 790 qui
1252 701 1389 792 plurimi
1407 708 1441 774 in

428 841 469 889 eo
488 816 656 901 citantur,
668 814 775 908 fidem
793 813 1004 904 exploraret,
1028 813 1194 884 indicaret
1224 817 1373 890 sollicite
1390 822 1441 892 lo-

302 1009 306 1016 ,
429 957 471 1004 oa
489 927 622 1024 singulo
632 981 643 1014 ,
662 939 814 996 auctores
830 949 967 1014 omnes,
983 925 1151 998 editiones
1175 929 1300 1016 etiarn,
1320 932 1440 1022 fideli.

432 1056 485 1115 ter
507 1039 711 1134 appellaret.
731 1039 848 1128 Neque
865 1038 956 1108 enirn
973 1037 1102 1108 homini
1132 1055 1302 1112 senectute
1326 1045 1439 1134 conse·

431 1170 487 1228 cto
505 1155 590 1226 sotis
609 1153 727 1224 virium
744 1150 792 1222 ad
808 1149 896 1222 tnnc
922 1147 1071 1221 laborent
1101 1155 1175 1243 (r).
1206 1155 1261 1226 sic
1284 1157 1342 1227 ille
1369 1183 1439 1230 rem

430 1293 585 1354 narrans,
606 1267 648 1338 ad
668 1267 778 1336 vivum
798 1264 957 1356 exprimit
975 1266 1207 1337 cardinalem.

417 1411 420 1419 ·
472 1385 591 1454 Fuerat
610 1381 677 1476 jam
697 1397 793 1449 antea
813 1392 967 1469 eoepturn
986 1379 1161 1449 consilium
1190 1382 1309 1454 edendi
1333 1386 1436 1458 Lexi-

429 1527 491 1572 eon
511 1501 614 1573 totius
632 1497 818 1568 lotirtitotis
834 1498 1048 1567 aForoellino
1066 1498 1251 1572 conlectum
1271 1507 1343 1594 (2).
1364 1509 1438 1576 Pro-

430 1620 537 1690 dierat
556 1617 653 1708 paulo
671 1629 748 1686 ante
779 1631 968 1704 postumum
987 1615 1154 1706 Scipionis
1173 1621 1325 1712 Mapheii
1356 1648 1439 1717 opus

427 1743 484 1810 De
509 1749 583 1806 arte
605 1733 726 1804 critico
752 1732 947 1825 lapidaria,
966 1759 1025 1826 per
1045 1737 1217 1810 intervalla
1245 1759 1438 1832 exaratum,

381 1875 385 1882 ·
430 1849 590 1944 separatis
614 1849 649 1918 in
669 1847 800 1918 schedis
819 1847 862 1917 ab
881 1872 920 1918 eo
952 1850 1135 1938 relietum,
1167 1877 1228 1922 neo
1258 1858 1438 1946 posteriore

427 1991 503 2038 oum
522 1965 747 2056 recognitum.
765 1960 819 2034 lbi
840 1962 890 2030 vir
908 1962 1008 2032 totius
1027 1966 1235 2056 antiquitatis
1257 1969 1381 2058 peritus
1400 1971 1437 2040 in

428 2081 661 2173 inscriptiones
681 2076 842 2168 quasdam
861 2077 998 2167 inquirit
1022 2079 1064 2148 ab
1082 2080 1219 2150 eruditis
1237 2080 1363 2175 jamdiu
1383 2110 1439 2154 re·

428 2215 561 2292 ceptae,
581 2222 661 2288 quas
681 2196 807 2291 judicat
824 2196 897 2286 ipse
916 2197 1063 2286 spurias,
1082 2215 1116 2266 et
1133 2197 1167 2270 in
1188 2197 1346 2290 iudicium
1365 2227 1442 2272 rur.

427 2339 483 2385 sus
502 2314 636 2385 easdem
656 2310 838 2402 pertrahit.
857 2310 986 2380 Bellum
1005 2311 1089 2403 gerit
1107 2312 1143 2380 in
1162 2314 1270 2402 plures
1289 2315 1441 2405 lapides,

428 2455 581 2523 reparare
616 2430 754 2521 cupiens
784 2428 827 2498 ab
855 2427 976 2498 iisdem
1003 2430 1096 2501 illata
1124 2431 1265 2502 damna.
1294 2433 1351 2503 Ab
1382 2436 1441 2508 liis

426 2546 517 2618 enim
538 2543 727 2638 perturbata
747 2559 932 2634 temporum
950 2545 1056 2631 ratio,
1076 2546 1231 2616 historiae
1250 2546 1343 2618 labes
1362 2549 1444 2621 inu.

424 2681 496 2752 ste,
515 2665 646 2734 invecta
665 2663 800 2732 demum
820 2663 856 2732 in
873 2663 1006 2734 Latium
1032 2664 1130 2734 verba
1150 2684 1306 2756 perpetuo
1334 2669 1442 2740 exilio

424 2782 624 2856 multanda.
653 2779 740 2850 Hine
767 2803 866 2872 saepe
902 2781 1053 2850 nominat
1078 2784 1222 2853 Leainon
1243 2787 1443 2875 patarinum

422 2902 543 2988 (vetus
562 2894 720 2964 nimirum
740 2892 822 2964 illud
843 2892 1010 2964 Ambrosii
1026 2894 1220 2987 Calepini)‚
1238 2922 1278 2968 ae
1295 2898 1441 2972 nimiam
1570 2932 1571 2935 ¹

422 3010 556 3081 illorum
579 3009 678 3078 fidem
697 3007 925 3099 reprehendit,
944 3007 1000 3100 qui
1019 3010 1181 3101 quaedam
1202 3012 1255 3082 illi
1274 3015 1444 3090 vocabula

418 3149 464 3198 ex
482 3125 564 3196 falsa
584 3126 732 3215 lapidum
753 3127 946 3196 auctoritate
965 3128 1187 3199 addiderunt.
1217 3131 1302 3200 Cum
1329 3133 1445 3224 igitur

421 3246 623 3319 Forcellinus
642 3267 681 3314 ea
713 3244 786 3336 ipsa
815 3270 835 3315 a
862 3246 1026 3340 Maphejo
1054 3247 1189 3338 explosa
1217 3273 1260 3319 ex
1278 3250 1444 3344 Calepini

418 3366 527 3438 lexico
545 3365 580 3434 in
600 3387 695 3436 snum
714 3366 943 3452 transtulerit,
961 3389 1003 3436 ne
1022 3367 1102 3461 quid
1122 3368 1316 3440 detrimenti
1336 3397 1443 3465 eape-

417 3503 469 3560 ret
487 3470 608 3559 noram
626 3488 940 3582 opus,·Cognolatua
959 3513 1029 3560 rem
1050 3490 1135 3562 hane
1152 3491 1346 3582 expendere
1363 3494 1445 3589 ine.
