3259 4959
376 349 424 443 ²4

379 489 472 561 tione
491 480 666 559 theatrales
683 473 753 555 ludi
777 470 956 576 aliquando
983 471 1158 573 permissi3'
1177 480 1316 552 vetitum
1343 483 1393 553 u·

380 628 458 677 men
478 629 606 676 sumere
625 604 803 673 muliebres
822 620 949 672 vestes:
970 602 1109 670 vetitum
1138 598 1257 669 reie'r're
1278 586 1390 691 persua

382 743 460 789 narn
479 717 623 788 feminae
643 719 715 809 (1).
736 715 961 788 Seminarium
983 714 1114 805 ingredi
1133 712 1268 797 seminis
1286 714 1390 781 inter-

327 902 335 917 ,
379 839 525 921 dictum,
545 834 643 905 editis
662 834 763 904 etiam
783 833 826 902 ob
844 833 881 903 id
904 834 1045 904 decretis
1069 834 1140 926 (a).
1170 831 1391 903 Familiarita-

379 964 430 1017 tes
449 970 545 1031 vero,
564 945 837 1032 eonsuetudines,
856 945 1026 1016 amicitiae
1045 947 1133 1015 inter
1159 945 1309 1014 alumnos
1336 944 1391 1012 ni-

378 1044 710 1149 mis-intrinsee‘ss‚a
728 1065 918 1137 Garunnam
928 1088 1060 1155 semper
1077 1062 1391 1152 habitaetamquam

378 1191 491 1274 pestes
510 1182 581 1275 (ἃ).
601 1178 758 1277 Ejusdem
779 1184 893 1255 odium
911 1182 947 1252 in
966 1182 1085 1253 vitium
1112 1183 1176 1254 hoe
1193 1180 1392 1272 implacabi-

378 1294 433 1365 le.
452 1298 491 1367 In
512 1298 619 1389 ipsum
641 1312 793 1387 coeperat
812 1296 989 1387 aliquando
1016 1297 1156 1367 elericos
1185 1296 1392 1365 inflammare

379 1412 537 1486 dicendo.
559 1416 743 1509 virginalis
761 1415 867 1507 pudor
892 1414 1065 1507 impediit,
1082 1410 1258 1507 quominus
1286 1411 1394 1502 expri.

379 1549 487 1603 meret
513 1534 582 1627 ejus
601 1554 743 1603 nornen.
772 1536 861 1604 Usus
879 1533 1074 1621 reticentia,
1090 1556 1175 1625 quae
1193 1532 1300 1624 magis
1327 1528 1394 1599 effi-

381 1668 444 1713 cax
463 1644 516 1714 vel
535 1646 656 1715 diserta
676 1647 824 1717 oratione
836 1643 899 1715 fuit
909 1695 922 1732 ,
938 1645 1127 1716 institutum
1146 1664 1333 1715 sermonem
1347 1661 1397 1711 rs-

378 1777 480 1855 psnte
498 1761 632 1853 abrupit
650 1765 724 1857 (4).

427 1876 495 1947 Sed
521 1877 678 1968 quoniam
704 1888 842 1949 noverat
866 1876 919 1948 vir
944 1877 1062 1949 heatus
1091 1869 1251 1970 sapientis
1287 1867 1394 1946 illud:

380 1984 471 2058 sciui
480 2042 491 2075 ‚
504 1990 662 2081 quonium
678 1988 781 2061 aliter
798 2016 865 2061 non
880 2005 1012 2082 possem
1036 2017 1109 2063 esse
1125 1989 1317 2075 contineres,
1328 1990 1398 2061 nisi

309 2164 313 2169 .
380 2110 476 2179 Deus
492 2104 553 2177 det
568 2109 642 2199 (5):
656 2110 699 2179 ad
716 2109 753 2179 id
771 2110 988 2181 obtinendum
1006 2135 1063 2182 eos
1082 2110 1256 2202 praesidiis
1275 2109 1311 2178 in
1330 2110 1396 2200 pri·

378 2219 446 2291 mir
465 2222 661 2293 caelestibus
679 2223 743 2293 niti
761 2223 887 2312 vuinit3
905 2224 1089 2316 ditavitque
1105 2240 1278 2316 propterea
1303 2240 1398 2314 parte

378 2336 573 2408 exuviarum
601 2338 745 2428 eorporis
773 2336 807 2410 S.
827 2336 983 2409 casimiri
1003 2340 1199 2410 Polunorum
1225 2338 1344 2429 Regis,
1363 2364 1398 2406 o-

380 2450 512 2521 mnium
542 2449 722 2519 colentium
749 2452 937 2519 castitatem
965 2451 1094 2541 patroni
1124 2452 1298 2543 singularis
1323 2452 1394 2539 (6):

379 2561 468 2632 liano
493 2561 583 2630 enim
619 2560 758 2629 asseruit
782 2562 856 2651 ipse
883 2565 982 2631 morti
1012 2563 1182 2652 proximus
1209 2563 1394 2633 constantia

381 2670 611 2743 memorabili.
631 2664 734 2744 Vitae
760 2671 899 2757 maluit,
924 2697 1024 2763 quam
1043 2675 1205 2746 eastitatis
1232 2675 1393 2770 jacturam

381 2784 491 2874 facere
509 2808 553 2855 ex
570 2784 774 2857 medicorum
793 2786 954 2858 consiliu.
982 2788 1029 2857 At
1047 2789 1182 2860 clericus
1201 2790 1284 2860 illud
1302 2813 1397 2879 prae·

381 2901 482 2993 cipue
509 2905 718 2978 Gnnuomus
740 2904 880 2991 docuit,
913 2906 1097 2997 patrocinio
1114 2908 1272 2978 nimirum
1295 2908 1396 2977 fidere

382 3017 538 3112 Uirginis
556 3022 744 3115 Deiparae,
764 3046 849 3115 quae
867 3021 988 3094 dieitur
1005 3047 1026 3096 a
1043 3025 1246 3119 Chrysologn
1263 3021 1397 3115 Regina

725 3252 1055 3285 fflfflmmm

422 3446 475 3527 (r)
494 3448 563 3509 Aet.
582 3448 685 3510 Beatif.
706 3440 750 3512 Τ.
768 3438 824 3517 Ν.
845 3448 985 3515 summu.
1002 3458 1068 3535 pag.
1088 3440 1160 3535 587.

426 3552 476 3629 (a)
496 3550 572 3612 ibid.
594 3571 658 3636 pag.
678 3552 747 3629 384.

426 3657 478 3735 (5)
496 3656 591 3719 instit.
613 3656 652 3718 ad
671 3658 779 3722 Semin.
801 3659 912 3741 mgim.
931 3676 998 3742 pag.
1017 3659 1068 3724 58.
1253 3717 1257 3723 ,

423 3759 476 3839 (4)
496 3760 565 3821 Aet.
585 3760 687 3829 mant,
708 3762 751 3827 T.
771 3762 810 3829 ΙΙ.
827 3762 972 3835 samm.
987 3783 1054 3845 pag.
1073 3762 1125 3845 673

424 3865 478 3949 (5)
496 3866 625 3951 Sapient.
645 3889 708 3931 rur.
729 3892 777 3933 21.

433 3973 487 4058 (6)
507 3974 576 4041 aar.
593 3974 701 4047 Beana
717 3976 761 4042 Τ.
780 3977 839 4047 Ν.
859 3978 1001 4045 summer.
1020 3994 1087 4063 pag.
1104 3975 1178 4061 5623
