3259 4959
539 440 690 492 rosnms
709 437 884 490 stanton
1156 405 1226 510 '557

207 563 377 661 patavinis
394 561 433 654 ),
449 569 484 630 er
510 556 644 630 artium
671 579 755 648 quoe
776 557 929 649 proxime
948 565 1026 628 stant
1032 605 1226 634 .......

210 680 347 754 vetuistis
364 705 527 750 annorum
548 676 675 748 obortis
697 687 732 745 et
747 675 959 770 pergamenis
977 675 1097 746 incubo
1113 677 1227 767 privo·

210 799 285 892 tis,
312 798 459 890 itemque
481 793 645 891 publicis.
674 792 728 864 lbi
754 819 829 867 vero
855 793 943 868 nibil
961 805 1033 866 tom
1041 793 1229 886 freqmns,·

210 943 312 1015 quom
329 941 382 988 res
397 911 613 1009 pecuniaria.
638 911 769 1006 Ubique
779 937 898 984 numos
913 922 948 984 et
963 911 1135 1001 denarios,
1154 911 1226 986 abi-

209 1055 273 1124 que
300 1028 427 1117 solidos
449 1026 553 1100 bobes
573 1079 766 1098 .......
786 1029 879 1098 Hoec
904 1037 1140 1120 properantem
1170 1052 1225 1096 rc-

209 1142 349 1214 tordont
365 1197 376 1232 ‚
395 1154 431 1213 et
470 1139 675 1214 retardando
694 1141 853 1234 fatigant
873 1191 1035 1212 ......
1056 1140 1225 1214 tamdem-

209 1285 273 1351 que
297 1258 413 1350 putavi
438 1258 668 1346 commodine,
695 1268 734 1330 nt
760 1283 802 1327 ex
822 1255 866 1328 iis
884 1257 1048 1329 mattarios
1076 1284 1227 1352 cruenge-

208 1395 309 1462 rem.
338 1377 389 1444 Ita
417 1373 507 1446 ille.
535 1375 645 1464 Quare
672 1388 808 1442 conatus
837 1388 888 1441 est
915 1372 1106 1467 hujusmodi
1132 1401 1226 1444 com-

210 1492 374 1562 mentario
402 1493 513 1585 aliqua
537 1492 664 1562 ratione
693 1491 850 1587 expedite
878 1515 948 1560 rem
969 1492 1169 1581 implicitam
1193 1507 1227 1562 et

210 1613 405 1685 obscuram·
422 1611 528 1682 Et-ad
547 1611 750 1703 propositam
770 1634 840 1680 tem
861 1612 1040 1695 accedens,
1061 1612 1130 1702 agit
1157 1611 1228 1701 pri-

208 1721 361 1793 monade
381 1723 490 1794 numia
509 1723 544 1791 in
565 1725 753 1814 patavinam
773 1722 889 1793 urbem
911 1725 1073 1813 receptis,
1090 1741 1164 1816 post
1181 1726 1223 1794 de

209 1837 329 1928 numia⁸
346 1837 381 1906 in
400 1836 474 1927 ipsa
492 1835 572 1906 urbe
590 1837 752 1930 signatis;
773 1853 806 1904 et
826 1837 891 1908 alia
912 1836 955 1906 ad
975 1836 1158 1928 pleniorem
1177 1839 1224 1912 rei

209 1949 306 2046 hujus
326 1951 578 2021 illustrationem
598 1950 767 2045 adjungit,
782 1951 892 2020 allatis
911 1975 1042 2021 summa
1061 1950 1124 2019 lide
1143 1953 1228 2042 opti-

211 2067 276 2137 mis
304 2092 343 2138 ac
369 2068 522 2164 genuinis
551 2069 669 2139 aetatis
696 2067 874 2160 cujuslibet
902 2067 1130 2138 documentis.
1164 2070 1226 2140 His

209 2202 379 2280 tamquam
399 2188 602 2257 Mantineam
620 2186 757 2280 subjicit
776 2185 1022 2256 annotationem
1041 2185 1225 2256 decennio

209 2297 366 2368 Morsiiii
384 2296 427 2368 de
446 2298 682 2370 Cortorioam
702 2299 849 2370 tamdem
861 2301 1225 2370 PatavinorumetCar-

210 2414 405 2486 carlensium
420 2440 593 2486 numorum
614 2433 760 2490 veterum
779 2417 949 2508 specimen
967 2418 1103 2488 exhibet
1122 2417 1157 2487 in
1177 2418 1226 2488 ul·

210 2532 302 2602 timis
319 2533 397 2602 libri
416 2535 563 2628 paginis.
588 2535 643 2607 sic
659 2560 725 2606 non
742 2526 906 2627 patavinis
927 2537 1054 2608 civibus
1074 2554 1201 2608 tantum
1212 2592 1223 2625 ,

208 2647 269 2717 scd
291 2647 482 2718 stallatum
502 2649 649 2740 gentium
668 2652 804 2720 eruditis
824 2652 903 2721 viris
924 2675 1137 2746 magnacum
1156 2653 1227 2722 lau·

210 2763 253 2837 (le
271 2765 434 2838 consuluit
453 2767 526 2858 (1).
556 2769 648 2859 Opus
676 2769 740 2838 hoc
768 2770 959 2863 diligentius
979 2787 1092 2862 postea
1122 2787 1226 2840 seua-

208 2879 331 2970 ctavit,
350 2896 385 2950 et
408 2880 501 2958 auxit
520 2882 613 2952 novis
632 2881 878 2976 additionibus,
894 2909 979 2980 quae
997 2885 1102 2956 latent
1120 2885 1228 2958 adhuc

210 2987 376 3062 ineditae.

243 3108 414 3178 Habemus
428 3127 599 3200 praeterea
614 3113 810 3186 utilissimas
827 3115 976 3209 ejusdem
990 3114 1137 3186 Brunatii
1158 3114 1231 3185 ani.

209 3225 453 3296 madversiones
472 3229 507 3296 in
527 3229 631 3301 latina
656 3233 800 3323 quadam
831 3233 937 3324 ipsius
965 3234 1107 3325 epistola
1125 3234 1168 3304 od
1186 3235 1226 3306 P.
1277 3239 1282 3250 '

206 3336 404 3415 Absolutum
423 3341 646 3422 Costadonum
670 3349 746 3439 (2),
760 3347 795 3416 in
814 3372 880 3438 qua
899 3348 942 3424 de
961 3347 1088 3424 duabus
1108 3370 1227 3430 monog

552 3577 886 3617 mmmmmmmm

248 3741 298 3822 (a)
319 3740 398 3808 Vide
423 3743 500 3806 Acta
522 3743 705 3809 Eruditorum
726 3747 872 3831 Lipsiens.
893 3747 932 3816 ud
958 3771 1025 3816 ann.
1050 3753 1126 3836 1745
1153 3763 1225 3838 pagi

206 3849 297 3926 407„
319 3845 523 3928 ephemeridas
545 3846 710 3912 florentinos
729 3874 797 3913 ann.
820 3861 897 3935 1744
911 3855 968 3918 col.
990 3857 1058 3942 760.
1069 3857 1227 3941 ,etpumi-

208 3951 298 4018 Tom.
319 3953 427 4019 XLVI
448 3954 627 4018 collectionis
648 3957 871 4053 Calogcrianae.
1220 3995 1222 4002 ⁴

249 4055 298 4143 (a)
319 4055 424 4121 Mense
443 4059 580 4123 februar.
604 4059 692 4144 ¹75¹·

480 4161 527 4214 22
