3259 4959
373 364 409 421 tt'

382 498 438 563 ita
465 512 527 563 res
548 503 626 571 est,
653 512 806 573 vereor,
827 511 875 561 ne
896 488 990 590 quis
1008 486 1097 561 milii
1117 490 1286 587 graviter
1310 514 1395 568 suo·

383 612 563 677 censeat,
591 594 716 696 quod,
737 621 823 671 cum
848 596 958 669 Vitas
984 620 1115 671 omnes
1142 612 1220 669 tum
1248 598 1398 679 editus,

384 698 655 775 tum'ineditas
683 704 842 775 uirorum
871 705 1071 800 insignium
1100 704 1305 775 Seminar‘ii
1325 729 1398 799 pa·

374 812 505 887 tarini
524 832 548 883 a
570 806 724 881 Joanne
746 808 924 904 Baptista
947 808 1121 881 Ferrario
1138 809 1396 906 pulcherrime

384 918 577 1009 scriptas,
603 929 795 1012 tamquam
837 913 1088 987 nobilissimos
1113 917 1322 1011 imagines,
1358 920 1401 987 in

386 1023 511 1103 luceru
536 1018 710 1127 proferre
732 1018 877 1120 jubear
903 1047 983 1099 unu
1011 1046 1097 1101 cum
1122 1019 1319 1116 Opusculo
1348 1020 1399 1092 de

388 1124 576 1223 singulari
602 1126 645 1197 B.
677 1125 870 1222 Gregorii
890 1120 1100 1199 Burbudici
1135 1126 1259 1198 studio
1277 1142 1336 1198 ‘et
1360 1148 1402 1197 a·

388 1256 492 1307 more
520 1236 560 1303 in
588 1231 841 1313 Seminarium
877 1235 1126 1336 patavinum,
1153 1232 1318 1304 audeam
1345 1245 1401 1303 te-

388 1360 490 1411 mere
518 1339 637 1434 ipsius
663 1342 833 1411 auctoris
852 1334 1008 1437 effigiem
1027 1336 1284 1422 adumbrare,
1303 1361 1403 1411 eam·

391 1468 489 1547 que,
516 1468 654 1517 novum
683 1445 785 1517 velut
812 1447 983 1542 signum,
1010 1445 1174 1517 aliarum
1200 1448 1240 1515 in
1276 1467 1403 1517 nume·

392 1576 473 1629 rum
503 1546 668 1642 referre.
699 1550 804 1649 (inid
830 1553 930 1620 enim
958 1554 1058 1621 inter
1081 1550 1290 1644 praeclara
1325 1574 1403 1624 mo-

392 1672 577 1739 numenta
606 1660 752 1753 uulgari
778 1680 826 1727 ac
853 1656 940 1727 rudi
976 1658 1178 1728 simulacro
1207 1656 1283 1728 loci
1317 1676 1402 1729 esse

390 1762 565 1867 potest?
608 1763 688 1833 Aut
727 1764 809 1859 quis
835 1787 921 1831 eum
956 1761 1104 1857 gloriae
1133 1759 1404 1845 commendare

396 1867 505 1947 uelit.
525 1870 590 1967 qui
615 1874 654 1938 in
682 1870 769 1939 aliis
795 1869 1107 1939 commendandis
1130 1872 1324 1964 propriam
1352 1869 1406 1937 in-

389 1975 496 2073 genii
518 1973 677 2071 gloriam
706 1986 764 2045 est
783 1976 1046 2045 consecutus?
1070 1972 1311 2071 Quamquam
1335 1972 1408 2044 ltoo

393 2077 486 2155 milii
511 2083 733 2159 temeritati,
756 2078 818 2148 uel
844 2078 1039 2151 audaciae
1070 2081 1218 2151 minime
1244 2076 1409 2149 tribuen-

397 2186 510 2261 dum.
532 2184 622 2255 Non
644 2189 742 2255 enim
762 2182 804 2251 id
814 2180 903 2281 feci
921 2207 987 2278 spe
1008 2185 1147 2257 ductus
1169 2182 1303 2283 aliqua
1323 2183 1408 2254 lau·

399 2292 479 2373 dis,
499 2314 613 2389 quant
642 2313 787 2359 omnent
816 2289 904 2358 milri
921 2290 1135 2383 praeripuit
1163 2291 1220 2361 uir
1245 2289 1413 2360 clarissi·
1527 2368 1531 2375 Ι

400 2393 600 2475 urus,sed
627 2396 730 2493 quod
756 2396 794 2463 iu
825 2416 906 2464 mco
932 2411 1091 2487 pectore
1116 2394 1321 2487 plurimum
1351 2414 1413 2463 ua·

400 2502 455 2579 let
481 2501 563 2597 ejus
590 2503 800 2585 ntemoria;
820 2522 944 2596 neque
965 2521 1051 2571 ntea
1070 2512 1227 2590 sponte,
1246 2497 1317 2567 sed
1345 2510 1413 2571 tuc

405 2606 602 2685 uoluntate
623 2618 661 2673 et
680 2604 862 2685 consilio,
882 2601 1098 2675 Maecenas
1117 2604 1417 2695 sapientissime,
1504 2646 1507 2658 ·

405 2713 471 2812 qui
509 2710 645 2781 honori
675 2712 911 2806 prospiciens
938 2710 1048 2810 liujus
1092 2705 1294 2792 domicilii,
1321 2708 1418 2784 nihil

405 2819 524 2914 magis
550 2830 686 2908 optas,
713 2839 824 2914 quam
853 2828 895 2883 ut
921 2830 1070 2887 tuorum
1098 2816 1233 2885 merita
1261 2840 1308 2887 ac
1347 2816 1419 2885 uir-

405 2934 506 2997 tutes
544 2927 824 3003 innotescant‚
852 2934 891 2993 et
918 2922 1023 3020 justo
1049 2923 1260 3019 praeconio
1301 2944 1417 2991 exor-

405 3042 566 3104 nentur.
605 3025 643 3097 F
645 3051 717 3097 uve
755 3029 868 3129 igitur
902 3030 1044 3119 operi,
1081 3030 1144 3097 cui
1172 3024 1412 3121 perficiundi)

399 3134 584 3227 auspiciu
618 3133 779 3221 dedisti3
807 3131 991 3228 adspice,
1018 3130 1125 3204 brevi
1149 3148 1341 3231 tamquam
1376 3135 1417 3201 iu

409 3240 517 3321 tela,
551 3240 738 3313 bominem
773 3242 991 3336 egregium,
1028 3260 1139 3339 quem
1174 3242 1420 3319 circumstant

410 3344 642 3439 amplissima
669 3348 848 3428 nomina,
867 3361 905 3417 et
932 3350 1045 3445 quasi
1071 3342 1196 3415 uultus
1220 3343 1420 3419 illustrium

407 3455 615 3551 rnajorum3
643 3452 743 3527 lianc
788 3451 869 3531 Tu,
891 3454 1140 3545 peritissimus
1164 3453 1286 3523 omnis
1321 3463 1423 3527 uetu-

409 3554 551 3642 statis,'
568 3560 712 3633 sustine
750 3561 982 3634 auctoritate
1011 3573 1101 3640 tua,
1126 3571 1167 3629 et
1192 3560 1306 3629 etiam
1330 3577 1420 3653 grc-

412 3664 467 3737 aa
478 3687 575 3752 ;ac,
593 3668 625 3737 si
639 3688 773 3755 parunt
801 3663 959 3763 elegans
977 3679 1018 3737 et
1042 3662 1225 3737 excultus
1251 3658 1321 3733 tibi
1337 3682 1421 3755 spe·

410 3768 578 3845 ctanrlus
604 3767 884 3871 objicitur‚suc
912 3796 997 3844 eum
1023 3796 1082 3845 ex
1107 3768 1270 3843 oliorum
1294 3768 1420 3861 potius

411 3878 575 3971 imagine
607 3892 651 3947 et
678 3876 919 3976 insignibus„
938 3900 1052 3979 quom
1070 3900 1127 3957 ea
1154 3880 1235 3975 ipso
1256 3875 1338 3974 ejus
1356 3892 1422 3958 ott

396 3980 622 4085 ..habituque
649 4005 878 4082 cognoscum
