3259 4959
501 346 585 397 vrrt
605 346 726 394 ¹cornu
745 336 961 410 roncennrur
1161 326 1243 412 177'

212 470 418 541 alumnorum
437 490 609 537 numerum
629 468 697 535 XII
715 466 786 535 Cal.
809 461 1010 535 Norenileris
1022 486 1099 533 ann.
1119 467 1228 555 1704,

162 593 165 607 ’
211 600 248 652 et
274 582 448 673 superioris
476 595 603 650 tantum
632 578 868 670 grammaticae
895 577 1004 646 studio
1018 575 1228 659 -addictum,

214 725 287 771 cum
308 702 375 797 jam
396 701 574 793 septimum
597 698 713 769 aetatis
734 722 856 767 annum
876 721 974 788 supra
992 696 1159 766 decimum
1182 696 1233 765 irr-

213 821 383 889 clroasset.
424 820 494 891 Etsi
518 842 595 888 vero
623 818 783 888 litteraria
812 817 917 907 ipsius
935 814 1099 885 institutio
1126 814 1231 883 serius

213 936 367 1027 incepta,
388 932 566 1033 abeodem
588 948 698 1001 tamen
719 931 898 1001 admodum
911 928 1052 999 feliciter
1063 927 1230 997 absoluta.

212 1054 304 1124 Jrrvit
323 1053 413 1123 enim
433 1036 611 1143 plurimum
630 1074 705 1119 curn
725 1051 850 1140 ingenii
868 1049 1031 1141 quaedam
1059 1046 1232 1117 maturitas

212 1184 247 1235 et
264 1166 416 1250 solertia,
437 1180 507 1234 tum
527 1166 644 1254 ingens
670 1162 821 1233 discendi
840 1164 957 1248 ardor,
976 1186 1036 1231 nec
1060 1162 1231 1232 intermis-

213 1306 251 1355 sa
270 1282 454 1353 contentio.
479 1286 558 1357 Erat
577 1280 634 1350 illc
654 1280 818 1371 siquidem
838 1281 925 1351 bona
943 1304 982 1349 ac
1000 1281 1093 1349 firma
1116 1304 1232 1370 corpo-

212 1402 259 1472 ris
279 1400 472 1475 habitudine
483 1454 493 1487 ,
512 1423 618 1493 neque
637 1398 876 1486 incommodis,
896 1422 1003 1491 neque
1020 1397 1146 1467 morbis
1169 1398 1232 1465 ob-

212 1514 333 1601 noxia,
348 1530 382 1584 et
401 1514 442 1586 ad
455 1512 662 1591 sustinendos
680 1512 858 1585 litterarios
875 1512 1005 1584 labores
1018 1536 1148 1607 prorsus
1162 1513 1232 1583 ido-

215 1658 296 1709 nea.
318 1697 325 1709 ,

261 1750 323 1819 His
342 1747 542 1842 adjumentis
565 1747 735 1840 politiores
766 1764 873 1833 artes,
893 1763 928 1818 e't
945 1749 1108 1840 graviores
1131 1747 1232 1820 lacul-

214 1878 299 1932 tates
327 1859 424 1931 facile
448 1860 603 1951 arripuit,
623 1862 789 1955 magistris
816 1878 989 1953 propterea
1007 1863 1155 1932 maxime
1174 1888 1232 1932 ac-

213 1992 348 2068 ceptus,
367 1974 584 2049 celeberrimo
603 1996 681 2065 prae
705 1976 824 2043 ceteris
841 1975 1027 2047 Faeniolato
1038 2028 1049 2061 ,
1069 1975 1111 2045 de
1138 1976 1230 2070 cujus

559 2200 890 2229 mmmmm

215 2340 366 2423 quaginta,
386 2338 489 2426 quibus
511 2336 603 2399 eidem
622 2338 764 2423 praefuit.
783 2339 1006 2421 Vigilantissinri
1027 2341 1150 2425 pastoris
1168 2331 1232 2425 par·

214 2458 257 2507 tes
277 2443 392 2506 omnino
406 2442 527 2526 implens
545 2444 694 2525 pecuniam
711 2442 795 2502 ctiam
814 2463 848 2503 ac
868 2443 1048 2526 semetipsum
1062 2444 1093 2503 in
1109 2446 1230 2505 salutern

214 2548 311 2611 ovium
336 2544 501 2629 impendit.
527 2548 562 2605 ln
589 2544 739 2627 pervigilio
759 2546 919 2607 nativitatis
941 2522 1093 2630 ¹Deiparae
1118 2552 1231 2631 (quod

213 2669 425 2743 praesenserat,
447 2667 476 2715 et
493 2666 591 2735 optato
612 2652 746 2731 accidit)
768 2673 843 2712 anuo
863 2654 1013 2715 millesimo
1033 2656 1229 2739 septingente-

211 2766 283 2825 simo
302 2764 445 2843 trigesimo
466 2761 566 2843 quinto
592 2782 625 2821 eo
654 2760 785 2843 migrarit
796 2804 806 2837 ,
834 2782 890 2841 qno
907 2762 986 2824 viam
1004 2762 1062 2824 eibi
1087 2778 1228 2832 straverat

212 2870 328 2934 assidua
345 2869 545 2931 exercitatione
564 2870 694 2931 virtutis.

253 2976 332 3035 Turn
352 2972 444 3059 patuit
464 2994 534 3052 quae
555 2954 583 3033 et
603 2984 710 3055 quanta
732 2986 806 3033 esset
825 2974 951 3034 omniurn
970 2973 1005 3035 de
1025 2974 1076 3037 illo
1104 2977 1202 3059 opinio
1214 3022 1230 3043 a

210 3080 279 3143 Non
299 3082 374 3142 enirn
395 3081 505 3142 incolae
525 3093 635 3142 tanturn
653 3080 732 3141 illius
752 3082 916 3162 paroeciae,
932 3080 986 3143 sed
1002 3083 1141 3145 finitimae
1159 3107 1228 3165 quo-

211 3204 267 3263 que
286 3196 383 3263 gentes
405 3198 433 3244 et
454 3182 616 3246 sacerdotes
637 3184 764 3245 conferto
787 3184 868 3265 quari
890 3186 1001 3266 agmine
1021 3185 1076 3247 visi
1098 3202 1227 3249 suntcu·

210 3288 357 3376 pidissime
374 3288 412 3350 ad
430 3290 491 3371 ejus
510 3292 595 3353 aedes
615 3290 787 3353 contendere
806 3291 902 3353 studio
925 3290 1046 3353 videndi
1079 3293 1173 3376 ipsum
1198 3307 1227 3355 et

210 3392 389 3453 venerandi.
420 3392 635 3454 Conlluentiutn
653 3392 838 3457 multitudine
867 3394 1000 3477 oppletae
1019 3397 1101 3471 siae,
1116 3398 1227 3467 forum,

212 3492 348 3575 templum
368 3515 401 3555 ac
426 3494 525 3577 templi
542 3516 607 3555 area
627 3496 820 3583 spectaculum
838 3498 924 3578 plane
943 3518 1049 3559 norum
1067 3513 1096 3559 et
1115 3515 1228 3581 gratum

211 3602 342 3663 omnibus
360 3599 548 3677 exhibebant,
567 3602 627 3663 vim
649 3602 835 3683 lacrymarum
855 3602 972 3665 eliciens
990 3624 1026 3665 ex
1044 3607 1136 3667 oculis
1155 3629 1225 3689 prae

211 3707 340 3771 laetitia.
361 3710 450 3789 Viget
469 3708 561 3773 adhue
575 3708 653 3793 apud
671 3710 737 3770 illos
756 3710 878 3793 populos
898 3710 976 3772 illice
994 3714 1147 3775 memoria.
1164 3716 1225 3775 llo·

210 3832 273 3877 ntur
290 3812 371 3874 testis
392 3812 450 3873 lide
469 3811 652 3895 dignissimus
664 3814 768 3878 Victor
778 3812 871 3875 Faber
883 3815 932 3893 (a)
944 3814 1014 3875 olim
1024 3814 1224 3899 philosophiae

245 3966 287 4037 (a)
304 3964 404 4020 Netinis
421 3966 527 4019 storiehe
544 3965 642 4021 intorno
659 3968 751 4053 laurita
768 3970 796 4024 dt
813 3969 842 4025 S.
860 3969 995 4038 Giolie'nn,
1012 3990 1068 4045 paq.
1087 3972 1145 4028 182·

500 4052 541 4105 12
