3259 4959
528 402 711 460 muncrum
729 405 907 459 uotum
1151 383 1223 476 425

211 526 282 621 ejus
299 525 428 597 labores
449 525 483 593 in
504 523 678 594 orientales
696 523 845 614 linguae,
863 522 900 590 in
928 543 1036 590 sacros
1054 519 1219 612 interpre-

212 659 284 727 tes,
313 642 348 710 in
381 657 509 711 sanctos
529 643 662 722 Patres,
689 637 723 704 in
750 636 970 727 multiplicem
999 616 1217 707 eruditionem

210 759 391 850 insumpti.
408 762 454 829 Ut
468 757 669 848 propositum
690 755 753 825 eibi
774 777 856 846 opus
874 755 1061 848 perliceret,
1071 755 1224 847 aliqnan-

209 880 251 948 (lo
272 901 403 948 necesse
422 877 539 946 habuit
557 877 662 946 multo
682 899 724 946 ex
743 874 887 945 tenebris
906 876 1044 944 ultimae
1071 875 1227 965 antiqui--

211 993 287 1062 tatis
307 1015 437 1079 eruere,
456 992 576 1060 multos
597 993 781 1074 consulere,
801 989 981 1058 multorum
999 988 1087 1057 inter
1103 1013 1139 1059 ee
1154 990 1222 1060 clio·

208 1106 335 1182 eimilcs
364 1108 535 1198 opiniones
562 1103 706 1174 conferre
735 1120 768 1172 et
794 1104 1001 1193 expendere:
1025 1126 1109 1193 qnae
1138 1123 1219 1172 eene

207 1227 365 1318 praestari
385 1241 552 1318 nequeunt
570 1224 641 1295 eine
659 1223 785 1316 ingenti
807 1223 911 1294 enimi
932 1241 965 1292 et
982 1222 1128 1314 corporis
1142 1245 1219 1292 con·

207 1341 377 1410 tentione.

252 1487 271 1520 n
288 1457 316 1524 ll
336 1457 629 1546 volgarizzemento
649 1453 813 1526 de'Selmi
844 1453 917 1544 (cic
935 1453 995 1523 ille
1021 1452 1057 1522 in
1086 1449 1217 1543 preele-

205 1598 224 1634 n
241 1569 329 1638 tione
344 1571 385 1640 ed
400 1571 538 1640 Iliadem
559 1593 633 1663 pag.
648 1570 717 1666 54)
738 1570 777 1638 da
798 1592 853 1638 me
876 1567 1067 1660 pubblicato
1085 1567 1120 1635 in
1139 1587 1217 1657 que·

205 1716 224 1752 n
242 1691 376 1758 et'onno
395 1690 430 1758 in
449 1690 597 1760 Veneria
617 1690 664 1759 nri
685 1693 775 1760 costo
792 1691 893 1780 lungo
916 1687 1043 1771 studio,
1062 1707 1081 1755 e
1108 1684 1216 1754 riflec-

203 1831 223 1866 η
240 1801 331 1870 sione
350 1805 471 1890 molta,
491 1817 593 1874 etteea
613 1804 645 1872 la
664 1819 778 1873 natura
807 1804 1041 1893 dell-operette
1069 1799 1214 1870 medeci·

205 1949 224 1985 n
241 1945 294 1990 ma
315 1923 364 1991 coi
385 1923 503 1993 diversi
533 1924 697 2014 rapporti‚
721 1940 806 1992 sotto
831 1923 882 1992 de'
891 1923 980 2014 quali
1004 1922 1037 1990 le
1065 1921 1152 2010 presi
1170 1951 1214 1990 n.

206 2039 371 2111 Hactenus
397 2041 476 2113 ille.
507 2044 595 2131 Quid
623 2043 651 2110 si
681 2043 842 2111 addamus
861 2043 995 2110 cetere?
1023 2042 1116 2128 Quae
1136 2037 1216 2107 reli-

204 2156 311 2247 gionis
330 2176 406 2228 eunt
424 2183 576 2230 exercere
590 2157 756 2228 laudabile
771 2177 838 2246 est3
856 2175 889 2229 et
904 2159 1001 2250 longe
1017 2159 1123 2250 magio
1139 2181 1214 2227 eam

205 2291 394 2360 promovere
414 2272 526 2342 labore
547 2272 651 2341 multo
669 2290 702 2342 et
721 2271 902 2344 industria.

249 2389 345 2478 Quod
376 2390 417 2459 ed
445 2390 515 2483 eius
545 2390 704 2480 pietatem
733 2390 877 2482 pertinet
905 2414 969 2481 qua
1004 2387 1214 2460 veneratione

204 2509 410 2597 prosequitur
437 2509 486 2580 Se.
516 2513 646 2594 Patres,
677 2531 855 2602 eorumque
886 2506 1071 2577 doctrinae!
1102 2509 1212 2596 Quem

202 2623 259 2714 pio
278 2626 380 2695 animi
405 2651 502 2698 sensu
522 2629 665 2720 loquitor
684 2629 724 2698 de
745 2653 876 2699 summo
892 2626 1060 2697 Ecclesiae
1073 2626 1211 2695 Pontifi-

202 2761 240 2808 ce
261 2739 334 2829 (1),
354 2757 388 2808 et
407 2741 552 2811 vindicat
572 2742 641 2836 ejus
661 2743 752 2837 jura!
775 2743 898 2814 Omnia
917 2741 1117 2832 complectar
1136 2763 1214 2828 pau·

203 2849 270 2920 cis.
289 2853 401 2923 Pietas
422 2855 525 2924 eluxit
543 2855 577 2925 in
597 2856 667 2948 eius
688 2857 787 2948 gestio
806 2857 985 2949 plurimum
1005 2871 1039 2924 ct
1057 2852 1209 2943 scriptis.

255 2963 389 3056 Septem
409 2982 444 3036 et
463 2970 676 3062 quadraginta
697 2969 828 3041 circiter
845 2995 947 3041 annos
967 2970 1112 3051 vixerat,
1132 2995 1209 3041 uene

199 3077 387 3148 valetudine
406 3105 470 3149 non
484 3084 617 3175 quidem
638 3083 786 3169 robusta,
803 3086 862 3155 sed
882 3102 992 3154 tamen
1008 3083 1210 3169 emichone,

199 3216 273 3260 cum
293 3194 445 3290 eumdem
466 3215 600 3288 repente
618 3195 740 3286 inrepit
759 3203 956 3288 cenante.
972 3201 1056 3268 Eum
1071 3197 1134 3268 lrec
1150 3197 1212 3266 im-

201 3307 351 3396 plicitum
371 3309 512 3382 invisere
532 3315 596 3384 (luto
615 3315 780 3404 quondam
805 3316 909 3404 ipsius
937 3315 1109 3404 discipuli.
1140 3317 1212 3384 Ho-

203 3443 275 3488 rum
294 3421 449 3511 adspectu
464 3425 616 3494 lacrimas
637 3443 747 3496 tenere
762 3451 826 3495 non
840 3428 948 3516 potuit
957 3456 968 3515 3
980 3451 1059 3497 mox
1073 3427 1214 3498 sublatio

203 3535 237 3637 in
257 3539 383 3607 caelum
412 3541 572 3613 oculisne
592 3543 763 3630 manibus,
791 3547 921 3614 Bonum
949 3542 1052 3632 milri,
1078 3545 1212 3637 inquit,

80 3644 90 3660 '
194 3649 273 3743 qnia
291 3650 479 3725 lurrmiliosti
493 3683 566 3744 nte,
581 3660 725 3730 Domine
740 3661 793 3754 (2)
805 3713 814 3731 .
827 3664 901 3752 Quo
913 3678 1025 3752 aperte
1043 3662 1210 3748 ostendit,

542 3831 871 3858 ΜἈΜἊἈΜἊΜΜΜ

237 3899 287 3977 (r)
310 3901 397 3961 Torn.
420 3903 449 3962 ΙΙ
471 3901 548 3966 della
568 3903 694 3969 dotuina
712 3905 759 3970 dei
780 3904 866 3970 ratri
887 3908 963 3991 greci
982 3925 1050 3994 pag.
1070 3907 1138 3972 38⁰.

235 4003 285 4082 (2)
307 4003 383 4067 Psal.
405 4007 470 4068 118.
492 4027 540 4090 71.
