3259 4959
473 371 524 428 aa
541 365 724 418 rnancrscr
743 367 950 422 mertuorum
1142 349 1211 442 377

198 493 325 565 circus.
347 493 527 567 Scientiam
547 497 651 586 ipoiue
676 497 854 564 ostendunt
875 495 990 564 relicta
1009 491 1052 563 ab
1070 517 1110 564 eo
1136 518 1211 564 tuo-

197 629 375 700 numenta‚
393 617 631 704 experientiam
651 631 761 683 auteur
781 631 830 682 tot
848 613 1056 695 morborum,
1076 637 1114 683 ac
1140 631 1211 685 tatu

196 728 401 817 rtrultiplicer
420 727 603 798 curationes
614 755 624 814 3
644 728 837 818 praesertim
857 751 934 797 vero
951 725 1094 798 facilitas
1118 751 1211 818 prae·

196 841 334 910 videndi
360 841 473 910 atatim
503 841 635 910 iliorum
664 841 790 909 exitum
818 890 827 909 .
855 843 909 910 De
935 841 1027 911 illiue
1053 840 1207 932 operibat

192 959 326 1042 dicam,
347 983 421 1030 cunr
442 960 531 1048 prius
551 959 592 1028 de
611 960 826 1029 diuturnitate
856 961 1035 1049 temporie,
1059 975 1095 1028 et
1122 959 1207 1028 arai-

192 1071 322 1142 duitate
332 1123 343 1158 ‚
362 1097 426 1164 qua
446 1073 645 1141 medicinam
666 1073 834 1156 exercuit,
852 1095 954 1162 pauca
975 1073 1110 1142 dixero.
1216 1068 1221 1072 ’

239 1189 460 1258 Pauciasimoa
474 1210 553 1256 atne
571 1186 742 1272 invenies,
758 1187 815 1276 qui
830 1211 906 1256 cum
921 1210 962 1256 eo
980 1188 1207 1277 poorintcoru·

191 1301 302 1391 parari
322 1300 357 1368 irr
373 1317 529 1389 utraque.
551 1299 587 1370 Si
609 1315 738 1388 ternpus
757 1298 962 1384 consideret,
990 1301 1207 1391 quinquagin-

190 1433 226 1488 ta
245 1441 347 1487 annor
365 1418 560 1508 etamplius
580 1419 614 1488 in
632 1417 832 1488 laboriosum
857 1441 975 1488 ruuoue
1003 1417 1202 1509 insumpsit:

188 1539 220 1608 ai
249 1539 403 1622 modum,
432 1553 560 1606 retest
587 1537 824 1628 propemodum
852 1537 936 1607 uitro
966 1537 1085 1606 fidem.
1108 1539 1205 1625 ,Quo-

189 1679 331 1747 cumque
350 1656 441 1725 enim
461 1671 630 1724 vocaretur
657 1655 672 1739 (
683 1653 859 1724 vocabatur
877 1671 987 1727 auteur
1017 1654 1204 1744 quotidiea

191 1772 329 1860 multia)
349 1795 388 1842 eo
407 1769 497 1840 illico
516 1769 701 1856 ferebatur,
720 1769 871 1859 qualibet
890 1783 1108 1860 tempestate,
1139 1767 1201 1839 ho-

193 1890 240 1960 ria
258 1892 359 1960 etiarn
382 1889 600 1979 importunis,
628 1888 685 1957 diu
715 1905 879 1979 noctuque
888 1939 899 1972 ‚
919 1887 1047 1958 ultimis
1074 1908 1204 1978 quoquo

186 2003 304 2088 annia,
324 2004 394 2072 tire
412 2003 531 2072 divitae
551 2018 683 2085 essent,
703 2001 773 2072 aive
791 2018 925 2090 egentes
949 2024 1008 2070 teu
1035 2001 1200 2091 proximi,

185 2139 246 2186 oeu
269 2117 405 2201 remoti,
428 2117 546 2184 eadem
571 2115 614 2184 ad
630 2135 744 2182 onmes
761 2114 932 2184 alacritate
948 2131 982 2182 et
999 2139 1093 2185 eura.
1114 2117 1200 2188 Eum

184 2257 251 2301 uon
288 2233 492 2301 retardarunt
520 2231 750 2316 incommoda,
770 2255 835 2300 noo
860 2232 1023 2322 pericula.
1043 2233 1198 2306 Eundem

185 2369 285 2436 saepe
313 2346 363 2416 illi
387 2361 457 2416 erat
484 2367 543 2436 per
571 2344 994 2430 instauramentum,
1021 2345 1115 2436 aquia
1144 2345 1200 2415 ob·

182 2465 264 2534 titas
292 2485 331 2532 oc
365 2462 611 2546 redundantes,
640 2485 698 2553 per
725 2461 850 2532 imbreo
877 2461 1021 2547 effusos,
1048 2463 1101 2532 vei
1129 2465 1198 2537 tole

184 2581 557 2652 ardente-Luctandum
578 2605 642 2650 non
662 2607 733 2652 raro
752 2606 829 2652 eum
843 2583 971 2667 fluviis,
986 2606 1061 2652 cunr
1080 2600 1196 2668 rento,

183 2723 259 2770 cum
279 2702 373 2793 gelu,
397 2727 472 2772 cunr
507 2703 604 2788 nive3
625 2725 685 2772 nee
705 2719 815 2772 tamen
835 2701 966 2772 destitit
983 2700 1026 2770 ab
1044 2701 1195 2792 inceptor

182 2844 361 2911 numquam
391 2837 565 2913 propterea
593 2822 670 2891 airit
699 2845 792 2890 auam
822 2821 1082 2911 praesentiama
1112 2844 1193 2912 quo-

180 2957 278 3024 quam
306 2933 423 3004 frustra
456 2934 655 3006 desiderari.
684 2935 779 3020 Ibat,
808 2952 843 3005 et
862 2935 994 3026 saepius
1020 2936 1143 3022 etiam,
1161 2937 1193 3008 ai

177 3077 260 3143 apua
279 3069 389 3138 erret,
408 3053 450 3124 ad
468 3078 545 3123 eunt
565 3053 714 3124 redibat.
742 3054 809 3124 Ubi
831 3079 906 3123 vero
925 3077 996 3123 retu
1023 3053 1193 3143 expediit-

181 3185 249 3252 set,
269 3191 303 3236 oe
322 3168 457 3236 ulterius
478 3168 617 3237 detineri
639 3193 703 3237 nou
724 3169 931 3258 patiebatur.
950 3170 1029 3240 Non
1048 3193 1120 3238 raro
1139 3169 1192 3238 iu.

180 3284 329 3368 orabant,
347 3288 404 3374 qui
422 3310 499 3356 eom
518 3305 731 3374 vocaverant,
752 3287 975 3378 rogabantque
998 3287 1193 3374 hominem,

181 3420 222 3465 ne
239 3397 424 3464 discederet
452 3398 531 3468 hora
559 3423 597 3469 ac
619 3419 815 3490 tempestate
835 3402 1042 3489 importuna:
1072 3401 1192 3493 quitur

180 3513 317 3582 comiter
335 3516 456 3607 gratias
471 3539 570 3608 agens
589 3518 721 3603 abibat,
737 3520 846 3587 necui
867 3521 997 3588 deesset
1013 3544 1112 3611 opera
1131 3547 1190 3595 tua

179 3625 353 3718 indigenti,
381 3629 540 3697 cursitans
571 3653 696 3700 rursum
725 3654 896 3721 prorsum.
917 3633 1107 3719 Interritus,
1126 3637 1190 3706 iru-

178 3747 283 3837 piger,
313 3745 495 3818 indefessus
523 3750 670 3840 quotidie
697 3749 902 3842 defatigabat
930 3751 1038 3841 ploret
1065 3777 1186 3850 equor,

182 3888 251 3934 raro
273 3889 402 3956 prorsus
426 3893 464 3938 ac
484 3869 568 3944 tuito
586 3871 771 3948 sedulitatis
791 3872 963 3964 exemplo.

220 3986 430 4086 Quamquam
456 3989 512 4080 id,
539 3989 619 4064 lieet
638 4015 751 4069 revere
780 4017 961 4103 maguum,
981 4017 1047 4069 uou
1074 4009 1187 4084 tameo
