3259 4959
599 385 702 440 trans
723 384 882 438 stccsont
1184 362 1253 459 517

232 507 352 578 nostris
375 529 441 578 non
463 530 536 579 esse
554 532 575 578 a
592 508 732 594 scholis,
756 532 796 578 eo
814 506 903 598 quod
929 506 1033 576 multa
1059 500 1250 578 contineant

234 623 331 692 utilia
359 622 506 692 moribus
531 647 570 692 ac
599 623 773 716 religioni.
805 624 918 693 Multa
944 623 979 692 in
1000 623 1120 693 iisdem
1151 622 1259 698 fusius

157 741 165 752 '
234 737 405 826 exposita,
425 737 586 829 quaedam
607 738 710 808 etiem
728 739 881 810 conclusa
905 737 1116 809 adstrictius.
1142 738 1254 808 Dictio
1312 781 1317 794 ·

233 879 300 925 non
318 882 449 949 semper
467 883 659 946 numerosa,
677 881 739 928 ncc
757 859 840 930 lima
859 857 1049 945 elaborata,
1063 881 1194 948 semper
1207 875 1254 927 ta·

234 994 311 1042 men
339 975 421 1046 satis
447 975 581 1066 elegant
609 993 644 1044 et
671 977 775 1067 polita
795 1006 806 1064 ;
830 977 1014 1048 sentcntiae
1041 975 1084 1046 ed
1111 975 1255 1067 proban-

231 1093 312 1163 dum
332 1096 619 1166 accommodatae.
633 1097 711 1166 Non
722 1099 842 1168 desunt
853 1152 862 1182 ,
874 1119 957 1190 quae
978 1098 1100 1167 leviora
1115 1093 1254 1164 fortasse

171 1197 175 1206 ¹
235 1211 336 1282 alicui
358 1213 462 1284 rideri
489 1230 665 1306 potemnt,
692 1239 754 1285 nec
783 1216 918 1286 omnino
937 1215 1090 1308 dignitati
1117 1211 1255 1300 oratoris

230 1352 397 1398 consona.
416 1329 610 1420 Numquam
629 1346 742 1399 autem
761 1329 932 1421 ingenium
952 1330 1065 1414 deest,
1085 1328 1157 1416 vis,
1179 1351 1254 1398 em-

236 1441 343 1510 ditio:
362 1441 445 1511 haec
466 1459 662 1512 tamennon
683 1442 766 1512 nihil
797 1441 976 1534 aliqnando
995 1439 1155 1510 conferta.
1185 1441 1255 1510 llas

235 1554 401 1625 orationes
420 1555 599 1626 Seminarii
630 1557 777 1647 patavini
797 1556 886 1646 typis
917 1555 952 1624 in
984 1555 1092 1624 lucem
1120 1553 1258 1646 protulit

237 1691 323 1737 anno
358 1673 465 1760 1747,
494 1684 528 1738 et
553 1668 664 1739 Priolo
690 1668 848 1760 episcopo
871 1667 1014 1738 vicetino
1042 1667 1186 1753 dicavit,
1214 1665 1257 1738 ad
1303 1647 1306 1656 .

234 1787 389 1858 eumdem
409 1789 588 1879 praemissa
607 1788 768 1880 epistola,
782 1804 820 1858 ut
835 1787 935 1857 etiarn
951 1786 1132 1855 orationem
1152 1785 1254 1856 aliana

232 1897 277 1968 de
292 1901 425 1971 ratione
441 1901 620 1992 scriptores
637 1899 789 1971 etimicos
806 1897 958 1993 legendi,
975 1923 1074 1989 quum
1097 1897 1252 1972 refertam

234 2021 358 2112 pariter
376 2020 560 2092 eruditione
572 2020 752 2111 multiplici
772 2019 894 2088 iisdem
913 2018 1000 2108 typis
1018 2017 1051 2086 in
1071 2019 1177 2088 lucem
1195 2019 1258 2089 mi-

235 2137 281 2206 sit
308 2163 394 2209 anno
412 2137 585 2227 sequenti,
605 2153 638 2204 et
657 2136 807 2228 ejusdem
830 2135 931 2203 Prioli
952 2135 1086 2204 nomine
1105 2135 1256 2224 ornavit,

232 2248 300 2320 alia
318 2251 360 2320 ad
384 2251 494 2341 ipsum
514 2265 691 2340 praeeunte
711 2246 872 2338 epistola.

281 2367 379 2438 Circa
397 2368 514 2438 eadem
533 2367 615 2438 haec
634 2383 805 2458 tempora,
830 2365 983 2436 discessit
1007 2390 1025 2436 e
1045 2364 1259 2457 seminario,

237 2481 325 2574 quod
343 2480 428 2552 illud
459 2505 524 2550 non
551 2499 663 2574 posset
686 2481 815 2552 caelum
837 2483 924 2572 pati.
945 2481 1117 2550 Patavium
1148 2503 1259 2552 rever-

235 2625 290 2670 sus
313 2599 506 2692 aliquandiu
525 2601 649 2672 mansit
667 2602 756 2672 domi
778 2627 880 2686 suae,
901 2625 979 2670 mox
999 2601 1014 2689 (
1025 2599 1073 2667 uti
1095 2623 1259 2670 convene·

236 2719 314 2805 rat)
334 2713 369 2783 in
399 2713 622 2785 Seminarium
650 2715 844 2807 patavinum
875 2739 982 2784 rursus
1003 2730 1160 2803 exceptus
1187 2730 1256 2800 cst,

236 2827 351 2921 ibique
371 2830 516 2922 primum
536 2831 758 2919 rhetoricam,
776 2833 876 2926 paulo
895 2847 969 2924 post
987 2831 1106 2901 iterum
1125 2830 1255 2902 Acade-

238 2947 344 3017 miam
363 2951 507 3039 suscepit
526 2953 762 3042 profitendam.

295 3065 435 3136 Interim
462 3067 599 3140 Carolus
630 3071 818 3143 cardinalis
851 3069 1050 3140 lleazonicus
1083 3065 1257 3156 episcopus

237 3179 411 3270 patavinus
435 3183 556 3252 summi
586 3185 755 3254 Pontificio
783 3184 945 3278 dignitate
976 3180 1151 3272 insignitur
1175 3181 1190 3270 (
1215 3179 1257 3269 ).

238 3292 387 3382 Tempus
406 3317 471 3364 non
487 3297 584 3390 longe
603 3298 737 3385 alterat,
761 3324 826 3391 qno
846 3295 1023 3372 Seminarii
1043 3292 1178 3365 Alumni
1204 3292 1260 3362 di-

239 3403 332 3474 mitti
350 3406 458 3474 solent
481 3408 523 3476 ad
542 3411 670 3480 animos
697 3411 911 3482 relaxandos.
936 3407 1130 3480 Litterarius
1154 3429 1263 3476 annus

239 3515 393 3586 concludi
419 3518 503 3587 solet
526 3523 706 3592 Academia
732 3521 912 3592 litteraria.
941 3519 1018 3588 Fuit
1043 3516 1138 3610 hujus
1162 3540 1260 3608 argn-

237 3647 390 3713 menmm
408 3631 561 3724 locuplex
583 3659 685 3706 novus
703 3629 876 3706 Pontifex.
897 3633 994 3705 Nihil
1018 3633 1165 3704 accidere
1189 3653 1257 3724 grt-

582 3841 788 3871 ΜΜἊΜἊ
792 3841 914 3871 mmm

278 3983 330 4066 (r)
348 3979 465 4046 Accidit
482 3981 516 4046 id
534 3981 628 4068 pridie
643 3984 746 4048 Nonas
763 3984 857 4050 tuliae
876 4005 945 4050 ann.
971 3982 1057 4068 1750!
