3259 4959
379 390 468 439 xvttt

379 501 544 571 Ferrarius
565 496 763 591 conscripsit
782 498 865 569 adeo
896 483 1068 568 distinctos
1097 507 1130 568 'et
1148 482 1327 588 candidos,
1351 487 1401 575 ni-

380 621 429 689 lril
449 639 484 690 ut
495 622 538 690 iis
558 620 847 707 lrumanius‚nilril
863 620 1111 690 delectabilius.
1129 624 1178 691 Ut
1189 624 1280 693 enim
1294 642 1396 695 urrant

380 764 422 808 ex
452 739 599 830 pluribus
628 742 773 832 eligam,
801 740 959 810 fabellam
980 741 1092 811 audite
1112 726 1154 810 de'
1171 730 1345 829 Luscinia,
1363 758 1397 812 et

377 858 522 941 Ansere3
543 853 635 947 cujus
654 853 814 948 judicium
835 856 929 924 robis
947 856 1119 948 relinquo:

472 1000 491 1034 a
513 968 670 1039 Luscinia
690 984 724 1039 et
742 972 850 1040 Anser
869 970 1113 1040 contendebant
1131 971 1274 1041 invicem'
1284 1006 1296 1057 ‚-

471 1120 490 1155 o
514 1089 597 1178 Quis
618 1086 854 1179 praeferendus
874 1090 970 1162 alteri
991 1108 1090 1160 cantu
1109 1089 1212 1160 foret.

471 1234 490 1270 o
513 1206 601 1294 Ego,
621 1204 729 1295 inquit
749 1206 828 1288 itta,
847 1228 985 1295 quaeror
1002 1206 1038 1273 in
1057 1206 1152 1275 silvis
1171 1209 1277 1277 latens
1288 1244 1301 1295 ,ι

443 1344 444 1349 ’
469 1354 488 1389 a
511 1328 555 1394 Et
573 1336 685 1410 empta
705 1319 816 1410 magni
836 1318 938 1388 subeo
957 1318 1098 1388 divitum
1124 1320 1260 1406 domos,

471 1474 489 1508 v
513 1444 696 1533 Meumque
715 1446 849 1510 cunctos
870 1440 997 1509 detinet
1017 1456 1146 1531 gratum
1167 1440 1291 1525 melos,

470 1594 489 1627 a
513 1562 652 1631 Somnos
671 1559 818 1643 reducit,
834 1573 966 1648 asperas
986 1582 1080 1628 curas
1098 1558 1208 1628 levat.

427 1650 430 1667 Ι
472 1704 491 1739 o
514 1672 601 1761 Quid
622 1674 737 1742 horum
758 1672 870 1741 simile
890 1672 975 1741 milri
997 1680 1032 1741 tu
1050 1659 1172 1767 jactes,
1192 1672 1339 1743 rustice?

471 1823 489 1856 υ
513 1791 599 1861 Huic
618 1781 744 1861 Anser:
769 1792 913 1877 Pudeat,
933 1791 1071 1879 misera,
1092 1806 1124 1862 te
1144 1792 1232 1862 tocie
1257 1809 1350 1878 tuae,

471 1932 488 1977 ‚t
512 1911 574 1981 Cui
599 1912 648 1981 nil
672 1910 803 1981 canerit
825 1930 946 2003 quanto
966 1913 1049 1982 mihi
1071 1912 1199 2005 gravior
1218 1912 1324 1982 tuba?

469 2057 487 2091 o
510 2032 580 2118 Ego
599 2050 693 2096 aures
712 2028 861 2096 omnium
881 2026 1024 2119 impleo,
1044 2034 1078 2097 et
1098 2050 1253 2117 magnum
1274 2051 1373 2097 sono:

470 2172 489 2208 o
513 2143 603 2211 Ilaec
623 2141 721 2211 ambo
740 2166 875 2212 secum:
897 2141 979 2213 forte
998 2167 1064 2212 non
1083 2134 1179 2211 valde
1198 2144 1311 2233 procul

470 2278 489 2325 η’
512 2254 674 2331 Ρέιεοείωῑ
697 2256 840 2333 Asinusz'
860 2263 948 2333 hunc
965 2262 1135 2354 appellant
1153 2262 1320 2358 judicem.

467 2410 486 2447 o
510 2374 658 2469 Repente
677 2384 800 2451 auritus
820 2384 929 2469 coepit
946 2383 1166 2451 intumescere

393 2542 397 2553 .
468 2524 487 2559 o
511 2498 642 2564 Honore
660 2498 815 2585 insolit03
837 2522 936 2587 seque
957 2521 1178 2586 componens,
1198 2499 1306 2587 gravis

469 2638 488 2675 o
511 2610 671 2679 Consedit
690 2612 839 2680 medius.
858 2610 997 2678 Interim
1017 2610 1135 2678 alterni
1155 2628 1295 2679 canunt.

468 2742 488 2787 o
511 2722 598 2791 Tum
616 2738 730 2814 captus
748 2722 873 2793 Asinus
893 2722 1032 2792 stridula
1051 2738 1131 2791 voce
1145 2722 1304 2808 Anseris,

470 2871 489 2905 υ
512 2844 608 2911 Ilanc'
626 2842 778 2913 delicatis
797 2840 939 2935 praefert
957 2840 1133 2933 Lusciniae
1152 2843 1282 2913 modis,

468 2978 489 3021 rr
515 2956 583 3024 Vae
602 2953 765 3025 litteratis
782 2953 843 3027 sub
865 2954 998 3025 asinino
1009 2953 1142 3051 judice.

423 3074 477 3141 Ex'
493 3061 555 3138 Irae
574 3092 638 3137 una
662 3069 862 3160 reliquarum
883 3070 1005 3154 etiam,
1025 3093 1109 3161 quae
1127 3055 1288 3159 plurimae
1308 3088 1395 3156 sunt,

378 3194 607 3269 venustatem,
628 3184 947 3275 pulcritudinemque
966 3180 1176 3274 cognosciter

424 3300 521 3389 Quod
540 3300 570 3366 si
585 3321 627 3365 ex
646 3298 730 3367 lictis
747 3299 967 3367 animantium
980 3298 1153 3386 colloquiis
1174 3287 1216 3366 ad
1227 3297 1394 3391 elegantes

376 3417 550 3486 hominum
579 3432 689 3487 coetus
713 3416 819 3487 tibear
836 3418 985 3487 animum
1014 3418 1205 3502 traducere,
1233 3416 1395 3508 numquid

377 3536 488 3604 verius
508 3534 638 3634 aliquid*
663 3552 770 3626 potest
799 3549 930 3605 esseae
953 3535 1139 3626 simplicius
1158 3534 1298 3605 Ferrarii
1326 3558 1396 3603 ver·

378 3653 470 3722 sibus
490 3654 525 3722 in
550 3654 772 3746 disputatione
800 3663 835 3726 et
853 3655 983 3747 dialogo
1010 3656 1163 3747 scriptis?
1180 3656 1249 3725 llos
1269 3669 1332 3744 ego·
1352 3650 1397 3718 le·

379 3794 459 3863 gens
478 3771 525 3841 ita
539 3771 662 3842 afficior
682 3776 918 3867 voluptate,ut
935 3773 1020 3845 milri
1042 3774 1356 3865 ridear(tamquar'n
1376 3794 1396 3837 a

305 3950 312 3963 ,
376 3888 605 3977 praesentibus
625 3912 735 3957 coram
758 3886 919 3960 habeatur
936 3889 1066 3978 sermo)
1096 3888 1130 3955 iu
1151 3886 1261 3978 aliquo
1286 3884 1395 3953 erudi-

376 4018 484 4077 torum
504 4020 665 4079 contentu
688 4006 830 4103 jucunde
849 4007 1099 4096 uersari,oeulit
1119 4030 1221 4100 prope
1242 4024 1398 4093 usurpare
