3259 4959
342 498 443 573 quam
472 494 549 571 apta
576 490 610 548 et
633 474 865 547 convenientia
884 456 948 544 sibi
964 504 974 562 3
994 498 1035 544 cx
1054 484 1120 567 qno
1139 463 1195 562 dt,
1214 490 1251 546 ut
1276 458 1360 547 liae*

345 612 440 666 reant
469 591 603 677 miseri,
632 615 693 660 nco
717 588 905 682 proficiant.
934 590 1083 660 Notabat
1108 592 1231 677 ctiam,
1257 613 1361 682 quem

344 711 483 783 docendi
504 708 637 777 modum
659 722 808 777 tenerent
827 723 1075 799 praeceptores;
1101 729 1139 779 ac
1165 710 1194 780 si
1210 704 1292 778 l'ortc
1310 732 1362 777 cr·

347 844 494 914 ressent,
514 850 570 897 eos
597 822 819 896 admonebata
848 827 1033 896 clanculum
1059 844 1194 913 tamen,
1212 851 1255 897 ne
1280 818 1362 918 quid

348 942 400 1012 itti
419 940 675 1010 existimationis
696 940 887 1009 amitterent
903 941 990 1029 apud
1009 960 1085 1010 suos
1104 942 1305 1034 discipulos(
1331 941 1357 1030 ).

344 1058 519 1128 Praeterea
538 1058 715 1150 aliquando
734 1058 850 1128 obibat
870 1060 1020 1149 magistri
1040 1060 1147 1131 vicem
1158 1114 1170 1146 ,
1185 1076 1356 1152 tamquam

344 1174 639 1267 hypodidascalus.
659 1176 757 1248 Nihil
775 1173 842 1247 sibi
873 1176 1105 1270 defugiendum
1125 1178 1281 1270 putabat.
1307 1180 1360 1248 Ex

344 1284 520 1363 Seminarii
532 1290 682 1365 instituto
695 1296 791 1365 statis
806 1296 921 1366 diebus
937 1320 1141 1390 quacumque
1152 1298 1360 1368 hebdomada

344 1408 455 1501 plures
473 1406 653 1485 litterariae
675 1416 927 1485 exercitationes
946 1414 1147 1487 domesticae
1165 1416 1282 1488 haberi
1310 1440 1362 1484 so·

343 1531 432 1602 lent.
452 1532 628 1624 Designati
646 1532 806 1625 prodeunt
818 1551 852 1605 et
864 1536 1080 1625 experiuntur
1089 1562 1165 1606 suas
1175 1532 1359 1623 vires.Qui

345 1648 495 1724 scientiis
521 1650 672 1738 student,
701 1652 960 1745 disputationem
980 1655 1115 1742 ineunt3
1133 1655 1190 1746 qui
1217 1653 1361 1735 litteris,

342 1764 470 1858 aliquid
490 1790 508 1835 a
528 1790 564 1835 se
581 1764 766 1836 confectum
786 1766 939 1857 publicae
966 1788 1123 1838 censurae
1153 1765 1357 1859 subjiciunt.

341 1878 579 1951 Delectabatur
587 1882 795 1952 Gur-:contus
806 1880 984 1972 plurimum
996 1905 1093 1969 ‚nam
1104 1880 1157 1952 his
1175 1883 1333 1951 intererat
1347 1935 1358 1967 ,

347 2016 423 2064 eum
454 1993 581 2063 videret
608 1993 801 2084 pracsertim
830 2018 948 2086 pueros
975 1996 1011 2064 in
1028 1994 1092 2065 hac
1109 1997 1238 2085 privata
1265 1991 1360 2083 quasi

344 2098 507 2199 palaestra
531 2106 698 2199 insurgere
711 2161 721 2193 ,
734 2126 768 2177 et
785 2108 822 2177 in
841 2109 946 2178 socios
966 2130 1057 2178 anna
1077 2109 1297 2200 distringere(
1324 2107 1362 2195 ).

342 2221 468 2291 lisdem
488 2223 616 2291 animos
640 2222 759 2307 dabat,
779 2222 873 2313 quasi
898 2219 1014 2313 aquilo
1038 2243 1228 2314 provocans
1242 2218 1291 2291 ad
1308 2242 1360 2289 vo-

343 2330 481 2407 lendum
497 2334 607 2427 psellus
624 2358 703 2407 suus
718 2338 788 2428 (3).
809 2337 854 2406 tti
873 2336 944 2428 ejus
964 2337 1149 2426 praesentia
1173 2335 1274 2405 erecti
1283 2386 1294 2420 ,
1313 2331 1360 2402 ei·

346 2446 424 2516 dem
436 2450 594 2518 certatim
612 2449 732 2539 singuli
751 2448 942 2517 nitebantur
959 2451 1157 2520 industriam
1187 2472 1302 2529 suam,
1322 2466 1364 2513 ae

345 2578 382 2625 se
405 2560 562 2649 probare.
581 2561 754 2629 Maximus
781 2576 853 2628 erat
879 2560 948 2629 illis
974 2560 1097 2629 laboris
1123 2558 1265 2640 fructus,
1283 2577 1361 2625 sues

345 2668 507 2741 litterulas
522 2672 678 2764 Episcopi
698 2672 748 2741 sui
769 2688 903 2761 aspectu
923 2671 1110 2763 judicioque
1128 2669 1314 2739 honestari.

391 2783 459 2853 Ubi
489 2810 564 2855 vero
588 2784 750 2879 graviores
778 2784 985 2855 habebantur
1011 2784 1272 2876 disputationes,
1293 2808 1361 2853 uon

345 2904 451 2974 solum
472 2904 603 2989 aderat,
623 2906 681 2974 sed
697 2904 957 2995 argumentantis
985 2904 1161 2994 aliquando
1183 2924 1360 2995 personam

344 3023 473 3093 solebat
484 3040 517 3091 ct
530 3022 603 3114 ipse
620 3022 774 3108 inducre,
790 3041 825 3093 ct
840 3040 875 3092 ut
887 3038 1053 3092 certamen
1069 3022 1273 3112 splendidius
1290 3020 1362 3089 red-

345 3140 458 3227 deret,
476 3156 511 3212 et
529 3157 565 3211 ut
576 3140 683 3235 majus
703 3142 876 3233 discipulis
893 3167 931 3213 ac
942 3142 1109 3233 magistris
1122 3142 1164 3211 ad
1180 3139 1288 3209 studia
1306 3138 1360 3207 irr-

345 3255 561 3328 eitetnentutn
580 3256 770 3349 praeberet.
785 3258 883 3349 Quod
900 3257 1038 3349 quidem
1055 3269 1133 3326 tunc
1144 3256 1198 3327 nt
1212 3254 1364 3325 maxime

682 3490 1013 3522 ΜΜΜΜΜΜΜ

387 3682 438 3763 (ι)
459 3682 526 3745 Act.
547 3679 651 3744 lleatil.
674 3668 715 3743 T.
738 3680 778 3743 Il.
799 3682 940 3745 Summas.
960 3701 1026 3763 pag.
1050 3680 1116 3759 189.

388 3794 437 3873 (a)
459 3794 554 3855 Instit.
575 3790 613 3853 ad
635 3791 743 3855 Semiu.
769 3791 880 3873 Regin.
904 3810 969 3873 pag.
991 3792 1040 3867 84.
1064 3790 1130 3850 toll.
1155 3786 1225 3849 Act.
1254 3782 1362 3849 Beatit.

345 3896 389 3961 Τ.
410 3897 465 3965 lV.
486 3900 625 3962 Summas.
646 3914 711 3979 pag.
733 3914 801 3958 220.

383 4007 434 4087 (3)
453 4006 545 4072 Deut.
563 4007 613 4071 ta.
635 4022 683 4069 rt.
774 4002 779 4013 '
