3259 4959
373 375 429 454 dd
696 403 701 412 ·
840 377 928 443 iffi

372 536 481 606 usque
500 515 551 584 Μ.
572 509 753 598 Antonius,
771 512 828 603 qui
849 537 923 582 curu
945 511 1038 605 plura
1056 495 1225 607 reliquerit
1240 507 1395 590 eruditio»

372 629 429 708 uis
448 653 528 699 suae
548 641 778 711 monumenta,
807 625 842 694 in
863 628 1003 696 multam
1031 627 1257 700 celebritatem
1287 638 1393 706 erasit

375 749 464 839 apud
484 748 570 817 viros
585 746 688 816 etiam
716 745 751 814 in
778 746 897 837 primis
916 746 1099 818 litteratos.
1119 751 1310 826 Recensebo
1334 779 1392 824 ea-

376 866 454 936 dcm
473 881 550 957 post
566 864 693 936 exitum
713 864 810 959 hujus
825 865 930 952 vitae,
944 890 988 937 ne
1003 867 1230 958 intercipiatur
1243 869 1390 942 historia.

411 979 601 1069 Lipsienscs
613 977 807 1065 academici,
813 979 934 1072 quibus
946 1003 999 1048 an.
1010 981 1107 1072 1755.
1120 982 1250 1052 oblatae
1263 982 1394 1056 fuerunt

376 1097 428 1168 Μ.
442 1097 546 1166 Tullii
558 1095 729 1167 Ciceronis
743 1096 907 1168 orationes
919 1120 996 1168 oum
1012 1099 1231 1190 argumentis,
1244 1102 1395 1174 animad-

375 1215 582 1285 uersionibus
600 1231 635 1285 et
654 1213 782 1304 analysi
802 1216 855 1286 Μ.
874 1214 1011 1285 Antonii
1029 1215 1185 1302 Ferrarii,
1197 1217 1309 1288 cidem
1324 1245 1392 1312 gra.

377 1333 461 1404 tium
480 1335 668 1407 habendam
687 1333 854 1428 judicant,
870 1335 956 1428 quod
974 1332 1163 1428 hujusmodi
1182 1335 1329 1406 laborem
1348 1341 1391 1412 ad

375 1450 556 1544 juventutis
574 1455 734 1524 oratoriae
753 1455 834 1524 artis
849 1452 1020 1523 studiosae
1039 1453 1216 1524 utilitatem
1236 1481 1391 1548 suscepe-

376 1573 422 1641 rit
440 1572 513 1662 (a).
546 1571 599 1640 Aa
628 1570 663 1640 id
683 1571 735 1640 illi
753 1586 866 1641 auctor
896 1566 1023 1654 fuerat,
1051 1584 1088 1638 ut
1114 1569 1186 1662 ipse
1212 1569 1333 1642 fatetur
1356 1573 1392 1644 in

376 1681 598 1774 praefatione,
619 1685 656 1753 B.
678 1683 855 1776 Gregorius
872 1681 1094 1769 tartaricus,
1107 1683 1260 1778 princeps
1275 1688 1316 1759 ad
1336 1712 1393 1779 op-

377 1796 462 1866 timi
480 1819 628 1889 quaeque
646 1814 762 1866 natus.

380 1969 385 1976 .
423 1917 490 1986 llos
509 1931 580 1985 erat
599 1917 719 2001 ardua,
739 1932 774 1986 et
791 1914 964 1987 molestiae
982 1917 1099 2010 plena,
1118 1942 1218 2010 quam
1238 1917 1295 1988 alii
1316 1918 1391 2010 qui-

378 2035 457 2106 dam
476 2036 667 2126 attigerant,
695 2035 754 2106 sed
782 2035 900 2106 leviter
924 2035 1103 2107 admodum
1125 2038 1185 2129 (ut
1203 2037 1233 2108 ei
1254 2035 1391 2106 videba-

379 2155 476 2245 tur),
495 2170 534 2224 et·
546 2153 638 2225 exitu
665 2156 833 2228 nonsatis
852 2175 1027 2248 prospero.
1054 2153 1108 2227 Ad
1135 2155 1320 2226 audendum
1341 2172 1393 2225 ta·

376 2293 456 2342 meu
482 2270 549 2364 ipsi
578 2271 708 2344 fuerunt
733 2274 950 2346 incitamento
978 2287 1049 2346 turn
1069 2275 1169 2367 primi
1200 2274 1328 2346 labores
1349 2273 1391 2343 ab

377 2389 452 2486 ipso
471 2392 632 2485 insumpti
646 2394 681 2462 in
700 2395 914 2484 explicandas
928 2387 999 2464 'liti
1019 2393 1107 2464 Livii
1126 2393 1315 2478 conciones,
1328 2414 1393 2461 non

377 2507 451 2579 sinc
470 2509 579 2600 aliqua
599 2514 660 2600 (ut
679 2511 751 2601 ipsc
770 2513 920 2581 modeste
939 2509 1103 2600 affirmat)
1133 2509 1395 2599 approbationc3

377 2638 450 2694 tum
468 2623 596 2696 facilius
615 2625 834 2716 obtinendae,
858 2643 971 2720 utpote
989 2627 1024 2695 in
1044 2649 1079 2695 re
1097 2617 1247 2711 diflicili,
1273 2627 1391 2696 veniae

378 2761 473 2830 spes.
493 2739 548 2811 Sic
566 2739 679 2831 itaque
697 2765 769 2812 rem
787 2741 931 2812 orditur.

423 2857 539 2927 Totius
559 2858 715 2930 orationis
733 2861 884 2931 ordinem
902 2858 1097 2953 singillatim
1110 2856 1247 2930 exhibet
1258 2855 1293 2927 in
1308 2857 1390 2949 Syn·

377 2971 470 3062 opsi,
502 2972 589 3042 undo
615 2973 800 3062 expeditior
816 2975 854 3042 lit
869 2972 1047 3065 cujuslibet
1067 2993 1195 3064 quoque
1214 2972 1317 3062 partis
1336 2971 1391 3041 iu-

378 3083 580 3177 telligcntia.
601 3087 688 3154 'l'unr
707 3086 844 3155 oratoris
864 3086 971 3178 aperit
990 3086 1183 3168 artificium,
1211 3083 1296 3173 quod
1317 3107 1392 3152 sae-

378 3201 455 3296 pius
472 3203 573 3289 latet,
592 3218 762 3282 certonon
782 3220 851 3274 tam
871 3204 965 3275 facile
985 3225 1021 3274 sc
1040 3227 1075 3272 se
1094 3200 1221 3292 prodit,
1240 3223 1391 3290 praeser-

378 3318 441 3388 tim
462 3317 742 3405 adolescentibus‚
769 3339 906 3410 quornm
934 3318 1038 3410 gratia
1066 3313 1228 3387 Ferratius
1256 3312 1390 3384 scribit.

379 3436 475 3525 Quae
501 3433 546 3504 sit
571 3435 699 3529 optima
725 3439 878 3508 narrandi
900 3437 983 3509 ratio
1019 3461 1057 3507 ac
1085 3429 1279 3520 refellendi3
1307 3455 1391 3525 quas

376 3570 646 3644 ,nrprmentorum
675 3557 787 3646 sedes,
813 3553 991 3629 efficacitas
1028 3581 1066 3628 ac
1097 3553 1171 3642 vis,
1203 3573 1388 3646 quaecum

729 3789 1057 3820 mmmm

229 4016 235 4028 ,
421 3927 472 4008 (¹)
487 3928 525 3988 in
540 3930 683 4014 supplen-
703 3929 743 3993 sd
760 3951 838 3999 nova
855 3943 919 3993 acta
938 3928 1074 3994 eruditor.
1095 3927 1186 3992 Tou.
1202 3927 1315 4028 L'toct·
1333 3919 1390 3988 Vl·

137 4053 140 4060 '
302 4048 307 4058 '
371 4033 449 4123 'vt-
467 4035 603 4116 atum
627 4033 715 4126 1755,
