3259 4959
551 361 673 420 steort
692 356 901 422 arenosam
1179 371 1244 442 ¹¹7

228 500 301 562 ctus
327 488 476 560 celeriter
500 489 540 558 ad
570 498 645 558 eain
672 489 842 580 pervenit,
870 497 953 578 quat!
983 475 1163 577 pissimum
1186 515 1243 558 so-

229 613 344 680 lertiae
364 609 506 700 postulat
523 623 557 686 et
579 609 722 678 laboris.
736 607 961 676 Protnovenda
982 607 1071 676 enirn
1085 623 1161 674 sunt
1176 625 1243 676 stus

230 728 358 796 dicmur
378 722 541 814 praefecto
560 740 609 792 tot
626 721 747 792 artium
760 736 859 811 atque
874 718 1086 790 scientiarum
1106 743 1244 810 genera,

232 858 280 909 tot
297 840 472 912 excitanda
492 840 649 932 ingenia,
678 854 725 907 tot
752 837 941 908 adhihenda
961 837 1144 928 praesidia.
1172 839 1244 908 lios

226 955 285 1024 itte
303 955 455 1024 alacriter
472 954 637 1044 suscepit,
651 952 699 1021 rei
718 950 947 1042 magnitudine
965 974 1030 1019 non
1048 951 1244 1022 deterritus.

227 1078 277 1142 Ac
295 1075 440 1164 primunt
460 1073 595 1163 quidem
614 1070 815 1140 eruditarum
837 1071 1043 1163 linguarum,
1062 1092 1148 1160 quae
1167 1093 1241 1138 ma·

230 1184 304 1276 gnis
323 1183 420 1254 rebus
446 1201 546 1274 atque
573 1181 731 1252 doctrinis
759 1182 854 1274 quasi
882 1181 989 1252 solum
1006 1199 1142 1274 parant,
1171 1199 1243 1250 stu-

230 1304 324 1370 dium
345 1319 379 1370 et
397 1300 666 1370 exercitationem
688 1299 979 1390 promosit3nnod
998 1299 1065 1368 nisi
1085 1300 1253 1390 suscipis·-

230 1436 282 1486 tur
302 1435 448 1502 mature,
472 1418 649 1508 suscipitur
669 1443 848 1510 numquam
881 1437 1013 1508 postea.
1037 1417 1121 1488 Sunt
1152 1417 1245 1494 enirn

231 1559 291 1604 sua
309 1536 446 1606 cuilibet
472 1536 574 1604 aetati
600 1535 728 1620 studia,
755 1535 827 1627 ejus
847 1535 981 1604 omniuo
1000 1536 1151 1626 propria,
1183 1561 1245 1606 nec

229 1653 267 1724 in
285 1652 386 1724 aliam
406 1653 609 1723 eadunt.1n
629 1654 839 1724 addiscendis
868 1655 989 1744 linguis
1013 1654 1164 1744 occupari
1190 1654 1244 1746 ju·

228 1788 326 1834 venes
345 1767 460 1836 nolunt
477 1766 667 1858 grandiores
699 1765 807 1835 faeti.
838 1767 1067 1860 Dedignantur
1094 1768 1175 1838 haec
1200 1768 1244 1838 at

226 1885 374 1972 graviora
392 1885 574 1976 progressi,
593 1909 656 1956 nee
674 1885 717 1956 ad
735 1886 854 1956 eadem
874 1911 910 1956 se
929 1888 1075 1958 revocari
1105 1887 1241 1976 patiun-

227 2019 279 2073 tur
290 2057 301 2089 ,
320 1997 600 2095 quemadmodum
619 2004 772 2072 homines
791 2005 835 2074 ad
853 2007 1056 2095 crepundia.

273 2123 321 2189 Ut
338 2120 400 2186 hoc
419 2117 589 2208 perficeret
605 2118 828 2201 Facciolatns,
848 2120 1096 2207 expurgandum
1113 2135 1147 2190 et
1164 2143 1239 2192 atn-

226 2236 440 2326 plifieandum
460 2236 586 2303 curarit
604 2234 756 2322 Caiepini
781 2234 927 2304 lexicon
957 2237 1030 2326 (1),
1052 2238 1138 2325 quod
1163 2239 1237 2306 edi-

226 2369 296 2420 tum
317 2368 392 2442 post
416 2352 632 2442 saepissime.
654 2353 693 2422 Id
717 2375 887 2443 aggressus
916 2371 966 2422 cst
999 2355 1150 2426 adhibita
1167 2359 1243 2424 For·

228 2466 340 2538 cattini
365 2465 547 2550 industria,
566 2466 627 2535 riti
645 2466 823 2535 admodum
848 2467 1064 2558 intelligentis
1083 2487 1117 2538 et
1144 2471 1240 2554 navi,

225 2605 323 2673 quern
339 2585 412 2672 ipse
432 2605 452 2648 a
469 2580 638 2673 juventute
656 2580 876 2664 instruerat,
895 2597 928 2650 et
956 2582 1032 2650 huie
1056 2581 1240 2652 studiorum

224 2697 336 2790 generi
359 2691 601 2766 assuefecerat.
627 2695 674 2764 Aa
705 2718 780 2764 curn
800 2695 938 2764 vidisset
962 2696 1044 2767 illud
1071 2698 1241 2768 emendari

224 2840 354 2906 prorsus
373 2838 439 2883 non
455 2837 573 2905 posse,
591 2814 708 2883 statuit
725 2838 845 2884 norum
866 2816 1025 2903 condere,
1045 2815 1132 2906 quod
1160 2816 1239 2884 iati-

222 2955 282 3000 rras
302 2955 397 3000 voces
416 2932 553 3014 omnes‘,
576 2929 746 3020 variosque
766 2952 879 2998 earum
909 2955 985 3000 usus
1008 2931 1241 3022 complectere-

221 3065 295 3118 tur.
315 3049 412 3139 Quod
430 3049 557 3141 optime
579 3042 783 3119 Faeciol'atus
804 3043 1026 3141 excogitavit,
1045 3072 1127 3118 unus
1147 3050 1237 3118 idem

223 3169 388 3257 praestitit
410 3167 632 3253 Forcellinus,
661 3170 811 3239 ordinem
840 3193 877 3238 ae
898 3169 1032 3238 modurn
1061 3185 1174 3238 tenens
1194 3167 1238 3238 ab

221 3305 264 3350 eo
283 3282 539 3370 praescriptum.
569 3287 679 3372 Quem
704 3299 873 3373 praeterea
893 3283 950 3353 itta
970 3283 1150 3376 adjutorem
1176 3283 1240 3349 ha-

220 3399 294 3467 huit
321 3397 356 3464 in
382 3397 486 3482 aliis,
504 3400 539 3468 in
567 3398 772 3470 contexenda
800 3403 995 3490 praesertim
1013 3401 1094 3472 itala
1114 3401 1237 3472 Ortho-

220 3508 394 3603 graphia(
419 3509 459 3599 ).

561 3682 891 3718 mmmswsumm

261 3786 310 3866 (ι)
332 3787 419 3847 Anno
445 3791 518 3868 1708
538 3806 652 3854 auctum
672 3793 724 3856 hcc
744 3798 838 3879 ipsum
859 3803 977 3865 furrata
996 3804 1105 3868 Jteoho
1124 3805 1233 3869 Sertori

219 3887 414 3973 philosophiae
434 3904 462 3952 et
482 3894 638 3957 matheseos
658 3900 687 3958 in
704 3901 862 3962 Seminario
878 3908 1011 3987 patavino
1028 3909 1153 3968 lectore.
1182 3917 1184 3924 “

260 3996 308 4072 (2)
331 3992 399 4059 vid.
421 3986 520 4078 Epist.
533 4000 686 4062 Foreelliui
706 4006 887 4086 praemissam
909 4010 1000 4092 ipsius
1023 4013 1150 4072 Lerico.
