3259 4959
433 327 502 425 396
904 334 988 388 vrrs

436 491 517 556 nas,
535 466 570 538 in
603 465 732 538 eruditu
761 472 928 554 praeterea
956 456 1131 550 opuscula,
1158 483 1242 549 quae
1261 451 1482 528 Mediolani

437 590 591 680 vulgata,
612 603 646 655 et
665 584 699 652 in
727 596 800 652 acta
829 576 1002 650 societatis
1030 575 1210 666 palatinae.
1229 578 1341 646 Fastis
1376 601 1477 644 vero

434 697 645 772 bononiensis
666 692 867 766 Academiae
885 687 1158 766 Dissertationum
1178 689 1317 783 inseruit
1336 691 1383 760 de
1409 716 1474 760 ca·

434 823 504 892 lore
521 807 639 902 lunas,
659 838 757 907 quern
777 812 911 884 deducit
928 833 971 879 ex
991 808 1142 898 plurimis
1161 808 1467 878 observationibus

440 928 734 1004 thermometricis.
752 927 870 1015 Neque
888 921 972 992 illud
990 941 1093 990 unum
1106 919 1470 1003 contendit,calorenr

438 1071 571 1118 manure
592 1045 726 1124 cluna,
748 1061 860 1108 verum
879 1051 913 1105 et
931 1035 994 1104 hoc
1013 1031 1182 1118 defendit,
1201 1057 1277 1102 eum
1306 1033 1350 1104 ab
1378 1035 1468 1124 ipsa

435 1163 547 1254 augeri
568 1182 663 1251 posse
682 1172 717 1226 et
737 1152 886 1225 intendi.
913 1150 1018 1242 quue
1045 1152 1248 1220 demonstrat
1266 1173 1308 1219 ex
1335 1151 1369 1218 vi
1398 1161 1468 1218 at.

435 1277 629 1362 tractionis,
650 1299 750 1367 quarn
773 1273 835 1343 illa
862 1295 1021 1341 unacum
1049 1271 1119 1341 sole
1138 1270 1173 1338 in
1194 1269 1361 1340 terrestria
1388 1294 1470 1338 cor·

436 1417 514 1483 pora
534 1408 683 1462 exercet.
710 1391 781 1458 Hac
799 1387 889 1456 enirn
912 1410 1001 1454 mare
1020 1387 1203 1454 necessario
1222 1401 1391 1469 moretur,
1421 1401 1464 1454 et

434 1508 697 1601 otrnospiruera,
736 1508 825 1578 unde
858 1506 964 1576 solida
1001 1527 1129 1594 quoque
1159 1529 1292 1594 corpora
1324 1504 1461 1572 leuiora

436 1625 536 1709 fiunt,
556 1643 589 1696 et
609 1625 734 1716 aptiora
754 1625 796 1692 ad
817 1622 1074 1713 promovendam
1093 1621 1337 1692 exhalationem
1356 1624 1459 1691 caio-

436 1744 500 1826 ris‚
513 1743 570 1834 qui
596 1743 703 1834 major
719 1745 805 1813 circa
824 1759 970 1832 tempus,
985 1766 1049 1832 quo
1061 1741 1139 1811 luna
1156 1765 1197 1811 ex
1211 1741 1372 1811 diametro
1388 1739 1459 1811 soii

435 1861 625 1951 opponitur,
639 1885 741 1949 quam
759 1886 824 1950 quo
837 1861 953 1929 eadem
966 1885 1041 1929 curn
1056 1860 1130 1950 ipso
1143 1861 1211 1929 sole
1223 1861 1457 1950 congreditur.

436 1973 512 2042 Uno
531 1972 650 2057 verbo,
671 1972 814 2062 plurima
835 1997 876 2042 ex
896 1974 958 2057 iis,
977 1975 1113 2064 quaein
1139 1997 1233 2057 nere,
1255 1993 1359 2058 terra,
1381 1999 1457 2044 nra-

435 2090 528 2179 rique
553 2089 765 2179 contingunt,
796 2089 995 2184 subjiciebat
1022 2091 1146 2180 Joseph
1165 2091 1262 2160 lunae
1287 2090 1457 2178 imperi05

435 2204 513 2293 quin
535 2217 648 2272 tumen
668 2203 858 2272 excluderet
881 2205 964 2273 alias
981 2229 1113 2274 causas.
1134 2204 1196 2274 His
1215 2205 1330 2274 eadem
1352 2227 1455 2294 posse

437 2319 557 2388 mutari
577 2317 706 2413 ajebat,
720 2321 913 2406 accelerari,
927 2323 1070 2411 protrahi
1083 2346 1121 2390 ac
1136 2323 1309 2408 retardari,
1321 2322 1454 2392 solebat

438 2435 539 2505 etiam
560 2459 602 2503 cx
622 2434 674 2504 his
700 2433 879 2520 deducere,
891 2460 975 2525 quac
994 2435 1118 2506 artibus
1138 2461 1176 2506 ac
1195 2437 1281 2506 vitae
1298 2453 1452 2528 prosunt.

489 2553 596 2639 Atque
615 2549 700 2618 hanc
728 2549 939 2640 potissimum
969 2549 1013 2617 ob
1045 2573 1177 2619 causam
1208 2551 1381 2640 quotannis
1407 2551 1454 2634 ab

437 2685 523 2732 anno
547 2663 724 2732 millesimo
752 2663 1046 2753 septingentesimo
1069 2664 1312 2754 septuagesimo
1330 2688 1454 2732 secun·

436 2781 478 2850 do
500 2781 541 2852 ad
565 2781 743 2871 septimum
764 2807 867 2873 usque
888 2799 923 2852 et
941 2783 1188 2873 nonagesimum
1213 2782 1360 2875 ejusdem
1380 2805 1454 2851 sae-

438 2895 504 2964 culi
524 2894 645 2964 librum
662 2896 767 2966 edidit
782 2898 963 2986 (1),quem
985 2896 1153 2985 inscripsit
1173 2894 1452 2964 Giornuleustro·

437 3013 714 3104 meteorologico,
731 3016 772 3084 ad
793 3039 1003 3084 communem
1030 3016 1179 3084 omnium
1192 3013 1450 3100 intelligentiam

437 3127 743 3196 accommodatum.
770 3127 822 3195 Ibi
838 3129 926 3196 enirn
946 3129 989 3196 ad
1008 3130 1133 3197 minuta
1151 3151 1294 3219 quaeque
1312 3127 1454 3195 descen-

440 3244 489 3311 dit
499 3297 509 3327 ,
519 3243 599 3312 italo
612 3268 702 3314 rnore
717 3244 842 3335 signat,
855 3271 918 3336 qua
930 3245 1010 3315 hora
1029 3247 1145 3316 diebus
1156 3247 1293 3338 singulis
1306 3248 1355 3314 sot
1365 3247 1452 3317 oria-

440 3371 513 3440 tur,
533 3381 599 3448 qua
617 3359 773 3429 meridies
791 3360 854 3446 sit,
871 3385 909 3430 ao
933 3363 1043 3430 media
1064 3383 1152 3432 nox.
1173 3365 1339 3432 Monstrat
1365 3385 1451 3452 quo·

435 3497 498 3564 que
518 3492 624 3545 ortum
649 3495 682 3546 et
702 3500 852 3549 occasum
872 3481 987 3567 lunae,
1019 3483 1125 3552 varias
1154 3481 1313 3574 eiusdem·
1328 3479 1450 3572 pirates

441 3605 618 3684 repuncta
637 3589 679 3662 ad
699 3591 897 3666 mutationes
917 3593 1075 3685 temporis
1093 3591 1337 3689 conjiciendas.
1358 3589 1448 3665 Tum

772 3769 1102 3815 mmmmm

474 3844 523 3922 (t)
545 3843 605 3926 Qui
622 3865 689 3906 son.
715 3851 789 3927 1798
807 3848 840 3909 iu
868 3848 962 3910 lucem
983 3851 1107 3924 missus,
1126 3845 1164 3908 ab
1192 3845 1256 3929 ipso
1275 3843 1334 3926 jam
1359 3856 1445 3904 anua

433 3945 527 4007 tuerat
545 3961 738 4032 comparatus.

1583 734 1586 903 i

1585 950 1587 1035 i
