3259 4959
561 356 713 410 ruaomr
732 358 881 410 rmrmm
1160 342 1227 437 ¹93

208 508 282 565 erat
308 490 386 561 hinc
406 486 546 559 avellere
565 486 734 555 hominem
755 484 789 553 in
805 483 923 555 studiis
939 482 1109 557 abditum.
1130 491 1227 561 Exci.
1273 520 1280 534 ·

208 612 323 711 plebat
342 607 544 691 humaniter,
564 603 761 695 quicumque
781 602 951 673 accederet
969 602 1118 674 discendi
1129 610 1226 699 cupi.

207 730 456 816 dur,eumque‚
470 722 527 793 ubi
547 746 629 813 opus
649 737 755 805 esset,
775 720 910 813 jurabat
928 744 1045 813 opera,
1066 724 1224 808 consilio,

208 844 323 919 libris.
344 842 488 913 ,traebat
502 858 613 909 auteur
632 838 793 931 quidquid
811 840 1022 931 interpellare
1040 862 1076 911 se
1095 861 1223 930 posset.
1284 879 1288 887 ·

205 962 287 1032 *Erat
307 962 396 1033 enim
416 958 450 1029 in
468 958 526 1030 illo
540 952 693 1035 ‚comitati
709 957 884 1051 conjuncta
899 958 1062 1051 gravitas.
1078 958 1133 1028 Ne
1152 984 1224 1051 par.
1330 953 1333 960 '

204 1076 339 1146 ticulam
353 1074 487 1167 quidem
507 1074 664 1164 temporis
679 1072 810 1143 sinebat
821 1071 985 1141 inutiliter
1002 1070 1067 1141 sibi
1079 1074 1222 1163 surripi.

255 1190 400 1262 Veteres
423 1187 544 1257 latinos
573 1201 720 1255 auctores
749 1184 876 1261 studuit
906 1184 1080 1255 scribendo
1110 1189 1225 1279 expri-

206 1288 322 1393 mere3
349 1304 437 1375 nihil
465 1320 576 1374 tamen
605 1304 670 1374 sibi
699 1304 735 1373 in
762 1304 825 1371 hae
844 1303 1034 1394 arrogabat,
1052 1317 1159 1396 neque
1187 1306 1224 1374 ia

207 1424 326 1494 aliis:'
318 1447 423 1493 rmmo
438 1446 567 1493 severos
586 1406 780 1517 exquirebat
799 1420 946 1506 criticos,
964 1421 1080 1491 horum
1099 1422 1225 1514 judicio

207 1558 315 1612 certus
342 1540 521 1609 emendare
541 1563 718 1632 quaeqae,
737 1541 790 1613 vel
810 1539 943 1612 tollere
967 1538 1068 1670 Opto,
1092 1540 1222 1631 iuquit,

207 1648 367 1748 redargui
379 1680 452 1741 me,
469 1666 504 1725 et
518 1656 614 1747 cupio
626 1654 739 1742 refelli
753 1656 822 1747 (r).

252 1776 350 1859 Nihil
368 1772 451 1843 ferre
472 1788 617 1863 poterat,
631 1773 720 1863 quod
739 1788 881 1843 verteret
897 1773 935 1843 in
951 1772 1086 1845 laudem
1103 1776 1175 1845 rui:
1189 1776 1220 1847 si
1311 1817 1315 1825 .

204 1891 285 1983 quid
303 1884 490 1984 hujusmodi
510 1884 657 1971 audiret,
670 1882 922 1959 suffundebatur
931 1887 1055 1979 pudore
1064 1943 1075 1975 ,
1087 1912 1149 1965 uec
1165 1913 1223 1980 pa.

117 2004 120 2008 ’
203 2002 347 2073 tie'bamr
364 2020 459 2081 eum,
474 1996 627 2097 'quisquis
643 2012 751 2083 esset,
769 1996 907 2067 ult'erius
919 2000 1089 2090 progredi,
1106 2003 1222 2074 statim

205 2106 352 2214 ejusdem
379 2116 480 2186 verba
506 2114 742 2206 intercipiens.
772 2117 921 2199 uerum,
944 2117 1024 2205 quin
1048 2118 1120 2209 ipre
1146 2119 1221 2187 uni„

146 2256 149 2263 ’
205 2237 440 2325 mamertem,
454 2232 604 2325 augebat
621 2232 753 2305 laudem
778 2227 851 2323 ipso
868 2248 1060 2327 contempm
1086 2235 1219 2310 laudis.

205 2355 381 2425 Enimvero
399 2351 504 2421 erasit
521 2348 787 2436 laudatissimus,
806 2372 873 2420 noa
890 2349 935 2421 ol»
953 2351 1112 2421 eximiam
1142 2367 1218 2423 tan-

204 2460 274 2543 tum
302 2469 543 2541 ecclesiasticae
571 2466 728 2539 historiae
755 2468 958 2555 seientiam,
981 2468 1041 2540 red
1066 2468 1110 2539 ob
1137 2470 1217 2539 iusi-

197 2614 301 2682 ,guem
327 2588 522 2681 praesertim
549 2584 635 2665 hane
661 2586 703 2658 dr
734 2610 770 2657 se
802 2586 967 2659 sentiendi
994 2586 1216 2677 modestiam,
1335 2612 1341 2623 ·

98 2730 101 2739 ¹
204 2726 304 2794 quam
332 2698 537 2794 praeferebat
559 2700 650 2770 cultu
677 2701 840 2793 corporis,
867 2700 1010 2792 scripto,
1038 2725 1215 2788 sermone,

205 2814 312 2909 rultu3
331 2838 351 2885 a
368 2812 454 2883 notis
483 2828 655 2905 propterea
681 2828 716 2881 et
741 2811 882 2902 ignotis,
901 2837 922 2883 a
940 2813 1009 2883 suis
1034 2830 1070 2884 et
1091 2816 1215 2889 esteris

203 2930 315 3025 magni
338 2928 460 3003 factus.
488 2928 609 3005 Audivi
635 2945 766 3021 egomet
787 2926 917 3023 jamdiu
942 2930 1085 3015 narrari,
1113 2955 1216 3022 quor.

186 3050 297 3136 dam,
325 3048 386 3141 qui,
399 3047 572 3119 Patavium
592 3063 749 3134 venerant
766 3069 809 3117 ex
827 3048 1035 3133 Polonia2de
1053 3072 1092 3117 eo
1112 3036 1214 3139 quae-

200 3164 319 3235 sivisse
345 3162 453 3237 studie
478 3162 613 3237 videndi
641 3162 750 3265 ipsum
768 3189 776 3237 :
797 3186 837 3231 eo
865 3186 967 3265 usque
989 3161 1128 3237 Sandiui
1152 3189 1213 3234 no·

200 3300 279 3357 meu
298 3276 507 3367 perveneratl

245 3392 340 3465 Idem
361 3395 484 3465 electus
503 3394 545 3466 ad
572 3393 784 3488 patrlclomm
809 3392 1054 3464 adolescentum
1075 3391 1212 3464 institu-

195 3510 341 3596 tionem,
368 3509 489 3581 iisdem
513 3510 648 3583 tradidit
671 3509 841 3583 Ecclesiae
859 3510 1032 3581 historiam
1050 3562 1058 3579 .
1079 3511 1207 3583 Horum

195 3654 280 3715 unus
306 3632 431 3715 Romae
459 3631 596 3713 emleult
625 3654 761 3703 romana
789 3652 933 3723 purpura
951 3629 1025 3721 (a),
1053 3628 1208 3705 Venetiir

535 3792 865 3833 ΜΜΜΜΜΜΜΜ

235 3890 285 3967 (ι)
307 3890 342 3951 ln
361 3890 444 3973 epist.
465 3890 504 3956 ad
520 3894 657 3959 lectorem
675 3892 831 3978 praemissa
853 3890 921 3961 hist.
941 3892 1077 3954 Familiae
1088 3904 1207 3972 sacraeq

235 3997 284 4085 (a)
307 3996 427 4065 Carolus
449 4000 614 4159 qudiaellr
634 4004 810 4077 llezzmicus
836 4000 986 4072 Pontificis
1002 4019 1114 4089 arpos!

472 4106 489 4155 l
