3259 4959
358 390 360 397 ,
475 319 560 378 πυ
580 323 785 382 eeatsmaur
803 320 985 370 munaum
1172 287 1233 381 141

221 443 399 518 Seminarii
431 442 528 538 hujus
563 442 697 534 eligitur
722 440 758 510 in
793 439 987 530 magistrum
1014 459 1035 510 a
1065 434 1236 514 Gardinali

223 562 378 635 Cornelio
397 578 475 631 tuno
493 560 648 652 episeopo
667 543 840 650 patarinoss
855 558 904 626 Ac
923 542 1038 624 atatim
1054 553 1164 645 eoepit
1178 569 1242 624 tra·

225 683 312 752 ditos
339 679 405 749 eibi
440 679 590 750 alumnos
617 677 659 746 ed
682 675 923 746 humanitatem
941 672 1133 742 instituere.
1153 673 1241 742 Gra-

224 798 331 868 datim
359 811 472 889 postea
495 795 541 864 ad
560 793 756 863 rhetorioam
780 807 911 860 evectus
941 808 1019 876 oet,
1049 805 1085 858 et
1111 789 1241 859 Acade-

225 911 330 980 miam
349 911 423 1002 (1),
441 931 542 1000 quam
560 908 618 999 qui
635 908 822 998 profitetur,
843 929 909 975 non
929 927 1059 996 prorsus
1078 901 1161 970 latet
1188 900 1244 969 iu-

222 1041 274 1095 tra
291 1027 435 1116 priuatos
452 1019 630 1095 Seminarii
651 1020 811 1110 parietes,
829 1019 889 1088 sed
904 1019 1015 1110 aliqua
1034 1017 1070 1086 in
1089 1014 1182 1085 urbis
1194 1014 1241 1083 lut

224 1165 264 1211 ee
282 1159 448 1217 vereatur.
1052 1182 1055 1190 ·
1235 1179 1240 1188 ,

270 1259 314 1324 Et
340 1255 426 1324 hano
449 1252 584 1345 quidem
602 1252 771 1345 publicam
798 1250 908 1320 luoern
937 1247 1041 1318 subiit
1067 1249 1155 1319 VIII
1181 1247 1245 1316 Ga.

223 1372 341 1447 landae
358 1372 475 1448 Juuios
494 1397 570 1449 aun.
593 1373 682 1466 1716
695 1373 750 1471 (a)
762 1424 772 1458 ,
784 1395 862 1446 oum
881 1368 1083 1443 eruditorum
1097 1365 1242 1443 virorum

569 1573 902 1602 Wfflmm

267 1719 318 1797 (r)
337 1714 417 1784 Vide
437 1717 648 1778 annotationem
668 1719 719 1795 (1)
740 1737 804 1801 pag,
827 1718 893 1778 116.

266 1822 316 1898 (a)
337 1822 402 1882 Hoo
421 1818 522 1880 eodem
539 1835 665 1903 tempore
684 1819 780 1881 floruit
797 1842 857 1882 non
876 1821 1007 1901 exiguum
1025 1819 1177 1883 Seminaril
1193 1837 1242 1902 ps·

224 1927 317 1992 tarini
345 1923 432 1988 deous
461 1923 594 1988 Andreas
620 1925 802 2004 brigantias,
834 1925 946 1986 Novom
973 1944 1063 1986 anuos
1080 1923 1113 1986 in
1144 1925 1246 1992 eodem

224 2031 299 2096 altus
318 2043 346 2094 et
364 2029 523 2104 educatus,
541 2041 607 2111 post
636 2027 816 2090 concreditos
836 2028 892 2088 eibi
912 2027 1044 2090 alumnos
1068 2027 1243 2107 aliquamdiu

225 2131 265 2194 ad
281 2132 439 2200 litterarum
454 2130 658 2192 humanitatem
678 2128 824 2197 instituit,
838 2129 956 2190 maxime
976 2148 1045 2186 vero
1065 2130 1190 2187 exercuit
1210 2130 1243 2192 iu

226 2254 258 2298 re
277 2234 409 2314 poetion,
428 2255 484 2312 qua
503 2232 647 2298 excellens
667 2231 728 2312 ipse
756 2230 833 2295 inter
851 2227 1029 2294 academicos
1051 2231 1242 2310 Recuperatos

227 2335 398 2401 eminuit.E
418 2335 576 2397 Seminario
593 2333 725 2396 discessit
739 2333 846 2392 electus
867 2330 906 2392 ad
925 2329 1052 2410 regimen
1069 2329 1244 2410 animarum5

173 2476 179 2494 ι
227 2459 285 2526 quo
304 2438 437 2512 abdicato
456 2441 575 2514 Romam
590 2457 622 2506 se
641 2435 765 2497 contulit
783 2454 859 2494 anno
885 2434 957 2514 ¹7¹5
978 2454 994 2498 a
1017 2431 1105 2498 Card.
1133 2432 1245 2493 Corne.

225 2543 266 2608 lio
286 2547 421 2630 episeopo
445 2544 580 2628 patavino
593 2543 713 2620 missus,
731 2557 762 2610 ut
783 2539 906 2612 docendi
929 2539 1105 2623 provinciam
1124 2540 1250 2628 Burgbe·

227 2655 322 2720 siaiu
344 2654 428 2716 dorm
446 2654 615 2738 susciperet,

268 2766 313 2824 Ao
332 2783 369 2824 ne
386 2761 700 2826 fastidireteobolarum
719 2763 814 2826 teedIa
833 2765 881 2846 qui
899 2764 956 2826 eibi
975 2778 1035 2826 erat
1049 2760 1242 2825 instituendus

227 2886 380 2953 generosae
401 2863 509 2934 indolis
529 2863 716 2941 adolescens,
735 2880 924 2948 opportunum
955 2866 1110 2927 eonsilium
1146 2864 1248 2947 oepit.
1280 2927 1286 2936 ,

226 2971 371 3034 Nimirum
389 2971 518 3034 versibus
537 2971 708 3052 Burgbesiae
725 2972 812 3034 villae
827 2971 1066 3053 magnificentiam
1087 2969 1242 3054 espliouit,

227 3078 375 3159 eidemque
393 3077 578 3163 spectandam
596 3079 719 3153 obtulit,
739 3094 771 3140 ut
789 3081 831 3140 rei
851 3079 979 3142 novitate
998 3092 1027 3140 et
1046 3078 1189 3140 suauitate
1209 3079 1248 3139 ils'

229 3190 341 3263 lectus,
358 3189 503 3269 praeclara
522 3203 650 3250 rourum
666 3191 742 3250 saeta
754 3228 765 3258 ‚
776 3201 805 3248 et
825 3201 970 3270 poetarum
981 3200 1138 3250 commenta
1147 3163 1245 3267 ‚quea

229 3292 269 3363 ad
287 3306 432 3356 auctorum
451 3293 669 3376 intelligentiam
681 3307 711 3354 et
729 3314 830 3357 aureae
847 3292 1024 3374 antiquitatis
1035 3292 1166 3354 notitiam
1185 3315 1247 3376 per·

228 3397 344 3470 tinent,
365 3396 446 3475 quasi
464 3419 523 3456 nou
541 3397 666 3458 sentiens
685 3395 824 3458 disceret.
838 3396 971 3478 Quatuor
988 3395 1020 3454 in
1035 3394 1123 3454 libros
1145 3395 1245 3468 tribuit

135 3530 138 3534 ·
228 3499 284 3572 boo
303 3520 416 3581 merua,
434 3506 465 3558 in
484 3520 540 3576 quo
558 3499 713 3558 carminum
733 3496 857 3578 dignitas
878 3519 911 3559 ac
930 3495 1066 3580 splendor
1084 3499 1249 3579 argumenti·

230 3604 362 3686 dignitati
383 3605 554 3687 respondet.
575 3605 692 3684 Ubique
712 3626 743 3665 se
772 3603 868 3686 prodit
886 3606 1031 3686 ingenium
1058 3605 1160 3680 sutile,
1183 3606 1243 3667 elea

230 3727 300 3787 gans
318 3753 328 3780 ‚
347 3705 508 3783 eruditum,
528 3709 673 3786 solersque
690 3706 848 3797 judicium.

271 3815 348 3882 Satis
366 3814 490 3876 habebat
508 3831 605 3878 auctor
622 3816 664 3876 ita
682 3837 713 3877 se
730 3814 910 3877 nobilissimo
929 3812 1028 3896 juveni
1044 3811 1246 3887 consuluisse,

233 3919 301 4006 quin
321 3944 391 4018 opu!
410 3923 506 4006 praelo
535 3925 736 3999 obmitteret·
756 3924 949 3994 Cunctantem
977 3924 1090 4008 ipsum,
1109 3919 1245 4002 quasique
