3259 4959
386 348 398 393 r
848 333 934 385 me

381 340 453 529 nl:
468 468 505 527 st
521 448 647 545 ingenii
666 446 755 541 epod
768 467 885 519 omnes
902 444 1132 521 existimaio.
1153 446 1274 521 adhue
1288 462 1404 524 tarncu

382 568 525 656 obrius,
546 587 632 659 quse
649 586 730 635 mox
746 559 924 655 tubicines
934 606 951 631 .1
967 561 1048 633 Non
1064 561 1180 633 audita
1196 562 1241 637 ab
1258 565 1336 637 aliis
1353 589 1406 637 rc·
1521 662 1525 667 .

382 687 474 775 loro,
491 685 553 761 sed
569 684 644 757 visa
661 700 697 755 et
723 682 876 775 cognita.
902 684 953 753 no
974 680 1183 775 disceptante
1203 685 1240 755 in
1259 677 1406 778 publicis

382 802 639 889 carminibus,
662 799 873 883 incredibilis
887 822 991 891 prope
1002 817 1075 874 erst
1092 801 1244 873 omniurn
1266 803 1404 875 audien-

382 921 419 993 di
443 918 608 1005 ariditas,
629 915 710 989 licet
728 914 841 1007 ipsum
860 913 960 985 toties
986 914 1158 987 audissent
1185 932 1304 988 antea.
1326 920 1404 1009 Qua

379 1033 472 1105 enirn
490 1032 521 1105 is
538 1029 704 1124 slepands
720 1025 877 1121 scripsit,
897 1026 1016 1101 eadem
1034 1028 1172 1099 crunno
1189 1029 1308 1101 solitus
1329 1045 1402 1111 erat

379 1169 417 1223 et
433 1151 594 1244 lequisnt
611 1149 777 1221 uideretur
794 1160 990 1239 propterea,
1001 1149 1017 1238 (
1029 1146 1117 1237 qnod
1130 1151 1403 1241 umrnapnunr)

379 1266 542 1339 meditate
568 1263 699 1348 dens,
721 1258 827 1333 esiam
852 1280 931 1337 cunr
958 1280 1003 1334 ex
1020 1274 1170 1355 tempere
1189 1262 1404 1357 loqueretur,

380 1400 459 1449 eum
476 1377 613 1471 insuper
629 1370 889 1449 commendabat
909 1370 1038 1447 eximia
1069 1373 1233 1467 quaedam
1259 1398 1406 1468 pronun,

378 1496 531 1569 datione
547 1494 670 1589 gratis.
688 1496 800 1585 Quare
822 1491 881 1585 qni
904 1492 1066 1581 aderant,
1084 1511 1220 1589 repente
1246 1518 1400 1589 assurge.

379 1638 438 1705 rs,
464 1615 637 1690 silentium
659 1636 776 1685 ornnes
801 1612 949 1686 invicem
970 1612 1038 1687 sibi
1069 1612 1237 1701 indicere,
1255 1611 1299 1685 ab
1327 1614 1403 1709 einr

378 1760 438 1809 ore
454 1734 624 1829 pondere,
649 1756 812 1827 suamque
838 1747 954 1825 postea
986 1732 1241 1806 &mationem
1269 1734 1401 1821 oeulis,

384 1848 498 1938 voltu,
517 1866 629 1947 gestu,
640 1844 830 1939 crebrisque
844 1846 1090 1917 assensionibus
1108 1846 1312 1939 significare.
1330 1848 1407 1920 Mi.

381 1988 458 2041 sunt
475 1968 622 2064 profectu
638 1967 677 2040 id
693 1966 894 2059 ubicumque
910 1965 1105 2053 eccidisse,
1115 1966 1244 2037 Patavii
1262 1966 1405 2041 verovel

381 2090 551 2177 maxime,
568 2112 609 2159 eo
621 2087 710 2181 quod
723 2085 915 2181 hujusmodi
933 2085 1209 2177 disceptationes,
1227 2108 1313 2177 quae
1324 2102 1405 2156 tnnc

383 2208 467 2285 abbi
490 2232 649 2304 magnum
668 2206 797 2303 aliquid
826 2206 917 2278 rim
934 2203 1096 2295 febrem,
1123 2203 1181 2279 hio
1197 2203 1340 2276 ndum
1367 2218 1405 2280 el

381 2326 588 2401 familiares.
926 2378 930 2383 -

429 2440 485 2514 Ad
498 2436 575 2535 ‚ejus
594 2438 822 2511 celebritatem
840 2437 1022 2531 plurimum
1048 2436 1215 2509 contulero
1230 2435 1330 2507 etim
1353 2434 1406 2523 ii,

381 2552 440 2645 qni
458 2552 622 2644 exipsius
641 2550 823 2643 disciplina
839 2549 978 2641 proiecti
1001 2565 1102 2621 sunt.
1131 2548 1310 2622 Seminarii
1333 2549 1406 2619 alu·

379 2670 452 2741 nni
472 2669 516 2741 sd
533 2694 610 2743 eum
629 2670 832 2747 andieudunr
849 2694 949 2744 mane
968 2669 1190 2759 accedebant3
1201 2669 1402 2764 pomoeria.

381 2782 436 2855 nir
451 2784 542 2856 horis
559 2786 688 2857 externi
701 2785 837 2881 juvenes
846 2814 859 2877 3
873 2785 1006 2878 utrique
1022 2800 1121 2857 antea
1138 2802 1173 2857 et
1190 2784 1402 2877 politioribus

382 2904 508 2974 exculti
535 2904 657 2977 litteris
680 2920 716 2975 et
744 2900 966 2976 severioribus
982 2904 1124 2975 studiis.
1148 2905 1276 2974 Horum
1302 2926 1404 2973 nemo

380 3033 471 3104 erat,
486 3017 544 3110 qui
561 3042 627 3088 non
646 3018 773 3109 optime
792 3018 836 3089 de
860 3017 1043 3089 Trivellato
1062 3016 1219 3086 sentiret.
1240 3015 1406 3089 Solebam

384 3158 500 3205 ornnes
512 3186 523 3220 ,
550 3150 619 3204 tam
643 3132 841 3220 domestici,
863 3156 964 3226 qnsnr
982 3130 1136 3218 externi,
1161 3130 1319 3224 priuatim
1341 3154 1407 3225 pa-

384 3253 467 3323 riter
484 3274 523 3322 nc
545 3251 678 3343 publica
686 3300 700 3341 ,
724 3250 854 3347 quoties
871 3276 908 3324 se
926 3248 1061 3323 efferret
1074 3249 1225 3337 occasio,
1246 3250 1406 3326 eumden

382 3364 557 3458 plancaro
571 3366 728 3457 laudare3
746 3390 813 3439 non
831 3368 940 3439 solnm
958 3390 1036 3437 curn
1054 3364 1208 3437 audirent
1226 3364 1339 3457 ipenrn
1363 3365 1404 3441 io

384 3478 519 3567 tehuld,
549 3480 731 3553 sedetiam
761 3497 897 3572 postea,
915 3496 950 3551 et
975 3498 1085 3553 aetate
1112 3497 1148 3553 et
1166 3480 1309 3553 scientis
1324 3502 1404 3573 pro-

384 3591 497 3682 scuti3
516 3616 591 3663 curn
608 3593 737 3666 scilicet
753 3610 789 3665 et
803 3595 924 3668 melius
942 3612 1077 3688 possent
1096 3595 1268 3691 ingenium
1291 3593 1403 3665 homi«

385 3708 440 3781 nis
463 3709 713 3825 dpctrinarnque
731 3736 948 3823 cognoscere,
961 3732 996 3787 ct
1014 3713 1057 3787 de
1078 3730 1216 3810 utroque
1233 3712 1336 3785 tutius
1351 3708 1403 3807 iu«

386 3824 520 3902 dere.

432 3942 560 4018 Paucos
577 3942 678 4021 fuisse
695 3944 839 4021 arbitres
862 3961 1089 4043 praeceptores
1097 3997 1110 4035 ,
1132 3968 1215 4039 quos
1232 3956 1326 4017 nuto
1341 3933 1407 4039 ,dle
