3259 4959
396 339 466 418 tra
761 349 765 357 '
860 357 943 408 vrrs

394 479 523 552 dantia.
543 481 634 552 llaec
653 476 842 570 prodierunt
871 477 942 546 sine
964 475 1121 560 nomine,
1152 461 1230 568 quia
1249 477 1306 551 ille
1327 497 1407 550 tunc

395 600 498 666 latere
523 592 647 677 voluit,
665 613 751 660 nunc
778 611 815 658 se
842 588 971 680 prodit,
990 603 1024 654 et
1044 603 1156 658 monet
1174 607 1303 661 exstare
1322 593 1415 662 inter

396 709 534 779 schedas
550 731 625 778 snas
647 703 769 776 librum
789 726 919 796 qnoque
933 702 968 772 in
991 701 1087 788 Ibin,
1105 702 1210 771 immo
1227 721 1261 772 et
1274 705 1416 797 quinde-

398 823 466 893 cim
476 822 578 892 libros
589 818 903 909 Metamorphoseon
920 839 995 886 cum
1015 814 1091 886 aliis
1109 816 1263 906 plurimis
1281 819 1416 890 selectis

400 939 549 1033 ejusdcm
565 937 706 1008 auctoris
724 935 863 1027 elegiis,
888 951 921 1003 et
940 935 977 1002 P.
997 932 1100 1002 etiam
1120 933 1256 1026 Virgilii
1273 959 1370 1027 opera
1390 961 1415 1006 a

396 1081 434 1126 sc
451 1059 650 1149 explanata.
670 1054 736 1127 Sed
766 1053 877 1124 dehis
897 1052 1000 1140 satis3
1020 1051 1063 1122 ad
1082 1053 1249 1144 superiora
1263 1070 1413 1146 tempora

396 1175 523 1244 redeo.
552 1176 722 1248 Vicetiam
746 1173 860 1266 itaque
886 1175 1002 1242 Petrus
1029 1171 1205 1243 accersitur
1231 1196 1250 1242 a
1279 1174 1414 1244 Marino

395 1289 541 1358 Antonio
563 1289 673 1358 Priolo
690 1287 840 1381 ,ciusdem
870 1286 960 1358 urbis
981 1286 1153 1378 episcopo,
1180 1311 1280 1380 quem
1298 1287 1415 1358 Cardi-

397 1404 510 1474 nalem
537 1402 785 1493 amplissimum
815 1417 930 1492 postea
959 1399 1131 1486 vidimus,
1162 1418 1196 1472 et
1225 1400 1268 1470 ab
1296 1403 1410 1474 ecdem

398 1541 533 1588 suornm
557 1514 855 1588 Seminariensium
876 1513 1025 1584 moribus
1050 1513 1233 1605 studiisque
1261 1515 1409 1606 praefici-

404 1646 473 1700 tur.
491 1632 691 1700 Decesserat
710 1630 800 1698 enirn
819 1630 964 1699 Joannes
992 1630 1111 1698 Bassus
1131 1630 1183 1720 (r)
1208 1629 1321 1698 multis
1343 1627 1412 1720 qui.

400 1742 477 1815 dem
501 1742 692 1812 nominibus
720 1744 771 1812 vir
798 1742 963 1827 eximius,
982 1742 1042 1812 sed
1059 1741 1102 1812 ad
1121 1739 1298 1812 Seminarii
1326 1743 1413 1834 ragi-

398 1883 476 1932 men
495 1861 594 1952 plane
612 1859 734 1948 factus,
752 1879 789 1932 ut
808 1862 851 1930 ab
870 1861 987 1931 eodem
1005 1860 1158 1932 Faeciolo
1177 1860 1324 1952 intelligo
1342 1863 1411 1950 (2).

398 1976 507 2044 Tanto
526 1976 694 2067 proposito
722 1974 789 2045 sibi
820 1976 973 2065 exemplo
984 2027 995 2062 ,
1019 1975 1101 2045 nulli
1121 1975 1168 2044 rei
1188 1976 1334 2066 pepercit
1362 1975 1415 2044 vel

399 2093 573 2178 labori,nt
591 2095 803 2185 responderet
827 2095 948 2164 cisium
969 2094 1273 2186 exspectationi,et
1292 2093 1415 2183 episco-

399 2212 435 2302 pi
454 2210 643 2286 desiderio.
676 2210 822 2281 Curabat
849 2211 1011 2304 optimam
1042 2210 1255 2304 disciplinam
1286 2207 1413 2294 fovere,

399 2351 508 2400 mores
526 2353 746 2421 componere,
764 2331 884 2402 studiis
903 2332 1088 2402 consulere.
1107 2332 1215 2422 Atque
1234 2329 1316 2398 haec
1339 2327 1415 2418 qni·

399 2445 478 2516 dem
495 2448 661 2538 promovit
674 2473 749 2520 curn
768 2449 918 2540 pluribus
938 2451 1013 2520 aliis
1032 2449 1161 2536 modis,
1178 2467 1247 2518 turn
1268 2471 1416 2539 pracser-

400 2560 462 2628 tim
481 2560 596 2630 latinis
625 2562 848 2650 orationibus,
867 2587 948 2656 quas
976 2563 1150 2654 quotannis
1169 2587 1211 2634 ex
1237 2563 1415 2636 seminarii

398 2676 491 2748 illins
509 2678 661 2750 instituto
683 2679 809 2752 ibidem
830 2681 962 2772 publice
986 2682 1117 2756 habuit.

445 2793 508 2862 llis
527 2793 704 2864 emendare
721 2793 833 2865 studet
850 2819 963 2866 eorum
982 2811 1227 2887 praeposteram
1247 2811 1416 2866 consuetu-

400 2911 533 2998 dinem,
548 2911 606 3003 qai
637 2913 723 2984 lilios
750 2938 825 2985 suos
844 2915 965 2985 litteris
993 2916 1188 2988 imbuendos
1219 2931 1332 2986 curant
1355 2914 1410 2984 ni.

398 3028 463 3101 mis
481 3033 575 3114 ιθὼς
599 3046 635 3098 et
661 3030 886 3102 adolescentes
912 3032 1060 3105 hortatur
1086 3033 1129 3104 ad
1158 3033 1265 3104 stndia
1284 3032 1412 3120 naviter

401 3145 627 3236 capessenda,
655 3163 693 3216 ut
722 3149 871 3219 eximant
897 3173 933 3220 sc
960 3175 996 3222 se
1023 3176 1043 3222 a
1072 3153 1186 3246 vulgo,
1209 3166 1243 3220 et
1272 3151 1416 3222 illustres

399 3263 511 3338 fiant.
533 3265 621 3340 Tum
653 3268 824 3338 contendit
850 3268 1003 3362 profanos
1030 3289 1180 3346 auctores
1215 3270 1415 3363 ablegandos

749 3507 1080 3542 mmmm

443 3668 493 3748 (ι)
510 3666 589 3734 Vide
609 3670 670 3752 ejus
691 3671 781 3736 sitam
799 3691 865 3756 pag,
887 3675 956 3752 aaa.
985 3747 987 3762 Ι

442 3776 491 3853 (2)
511 3777 709 3858 bosedone,
729 3801 814 3860 quam
833 3782 953 3864 primam
983 3781 1098 3864 publice
1128 3781 1259 3848 Vicetiae
1298 3779 1425 3854 labain

398 3883 512 4053 muli
527 3883 601 3949 leue
620 3883 713 3950 edidit
731 3889 807 3978 typis
836 3889 989 3954 seminani
1017 3913 1085 3960 aaa.
1121 3896 1279 3998 17470um
1307 3887 1427 3974 derha(
