3259 4959
410 379 479 459 292
893 373 977 432 tunt

341 537 347 546 ·
405 503 532 589 oravit,
551 500 695 572 institit.
716 501 761 570 At
780 519 855 569 cum
875 513 1022 574 cerneret
1040 495 1076 566 in
1095 495 1225 569 irritum
1246 493 1358 572 omnia
1375 525 1431 574 ca.

409 623 507 708 dere,
524 637 558 692 et
577 621 704 691 aboleri
725 618 914 710 'religiosam
933 643 1026 688 suam
1046 617 1265 705 Societatem,
1286 643 1348 712 qua
1376 621 1432 693 ilii

411 755 482 808 crat
501 736 586 806 nihil
604 739 711 806 carius
729 768 741 825 3
768 735 910 828 graviter
937 733 1072 825 quidem
1096 733 1223 822 doluit,
1242 735 1432 833 praeferens

411 876 522 928 tamen
543 858 678 950 dignam
698 854 878 926 christiano
898 853 967 922 viro
988 853 1228 925 constantiam.
1412 853 1419 870 “

456 981 545 1048 Tum
566 975 718 1046 discessit
737 973 779 1042 ad
798 997 873 1042 suos
893 993 1100 1040 reversurus.
1115 971 1434 1044 Mutinatranseun-

411 1093 439 1162 ti
459 1088 724 1167 eidemoifertur
742 1087 897 1156 cathedra
917 1085 959 1154 ab
991 1101 1128 1177 augusto
1148 1087 1229 1156 duce
1256 1087 1434 1158 Francisoo

410 1210 486 1290 111,
505 1221 542 1275 ut
560 1203 734 1296 physicam
753 1201 942 1302 profiteatur
959 1199 994 1268 in
1014 1199 1146 1291 publico
1166 1199 1237 1293 ejus
1255 1202 1346 1271 urbis
1366 1204 1437 1272 Ar-

415 1323 645 1417 chigymnasio
663 1324 740 1413 (a).
758 1318 913 1391 Abeundi
933 1317 1066 1390 veniam
1084 1319 1294 1409 Bellogradus
1322 1319 1435 1412 irnpe-

415 1453 483 1512 trat
502 1449 609 1507 aetate
631 1434 726 1503 valde
743 1449 935 1525 provectus.
953 1431 1006 1501 Ita
1024 1431 1171 1523 quolibet
1186 1433 1359 1524 expeditus
1377 1459 1436 1504 ne-

418 1558 508 1650 gotio
526 1555 618 1628 venit
636 1555 671 1623 in
690 1554 850 1645 patriam.
871 1553 1065 1644 Numquam
1082 1569 1193 1621 tamen
1212 1553 1350 1624 indulsit
1365 1555 1436 1624 otio

418 1677 537 1746 studiis
557 1674 689 1744 assidue
711 1673 857 1742 intentus
885 1672 1061 1762 usque‘ad
1078 1670 1232 1742 ultimum
1252 1662 1367 1763 longae
1394 1697 1437 1742 ac

419 1795 568 1865 diutinae
583 1793 670 1862 vitae
684 1809 832 1882 tempus.
848 1793 938 1880 Quin
954 1791 1055 1860 etiam
1066 1815 1180 1884 aeger,
1194 1791 1252 1860 ubi
1264 1789 1437 1882 paululum

418 1913 604 1983 remitteret
622 1911 731 1982 morbi
751 1911 917 1994 vis‚inter
935 1907 1130 1980 famulorum
1151 1909 1296 1981 sublatus
1319 1935 1437 1980 manus

420 2029 539 2101 deferri
559 2029 691 2100 volebat
708 2029 896 2100 identidem
916 2031 957 2102 ad
976 2032 1144 2121 pluteum.
1163 2029 1215 2099 Ibi
1244 2029 1348 2122 legere
1380 2055 1438 2098 so-

420 2145 500 2216 litus
518 2161 607 2229 erat,
627 2160 662 2215 et
687 2167 939 2235 recognoscere,
956 2169 1042 2240 quae
1061 2142 1207 2215 nondum
1226 2133 1438 2237 typiafliadi-

418 2259 546 2345 derat(
570 2261 607 2349 ).
1239 2350 1243 2361 .

415 2398 420 2410 ’
469 2374 559 2461 Quid
578 2374 619 2443 de
650 2373 740 2443 iliius
769 2373 893 2464 pietate
913 2395 951 2444 ae
970 2373 1129 2466 religione
1157 2377 1438 2446 commemorem?

423 2491 606 2578 Utramque
626 2486 772 2556 exercuit
791 2511 868 2556 cura
887 2511 1026 2579 magna,
1045 2504 1079 2558 et
1097 2489 1185 2579 apud
1204 2489 1283 2560 alios
1309 2513 1438 2582 promo

422 2602 473 2671 uit
493 2599 775 2671 adhortationibus
802 2617 836 2670 et
860 2603 1033 2694 exemplo.
1063 2605 1141 2674 Mos
1162 2603 1300 2676 inierat
1327 2629 1439 2678 sacras.

420 2720 641 2791 confessiones
661 2721 834 2811 excipere,
853 2722 1033 2798 studiosam
1053 2721 1254 2820 juventutem
1274 2725 1379 2799 colere
1399 2739 1436 2794 et

423 2840 552 2910 crudire
571 2839 606 2909 in
626 2839 744 2909 timore
763 2839 903 2912 Domini
923 2843 996 2932 (3).

469 2954 754 3046 Diligentissimus
783 2954 855 3044 ipse
883 2955 951 3046 pati
979 2979 1049 3030 non
1080 2970 1207 3046 poterat
1237 2978 1438 3059 quemquam

428 3090 488 3146 sua
505 3067 616 3135 minus
634 3067 775 3136 sollicite
792 3066 884 3138 obire
903 3093 1059 3140 rnuncaa.
1080 3074 1196 3162 AEgros
1216 3069 1376 3155 invisere,
1390 3071 1442 3140 iis

429 3178 575 3249 assidere
593 3177 628 3246 in
648 3178 777 3247 deliciis
797 3179 931 3251 habuit.
953 3185 1062 3252 Deum
1090 3184 1218 3255 scilicet
1232 3185 1266 3252 in
1286 3183 1330 3252 iis
1359 3205 1438 3275 spe-

426 3293 566 3381 ctabat,
594 3316 692 3385 quem
722 3295 892 3364 matutinis
912 3299 1062 3386 precibus
1087 3299 1193 3368 colere
1219 3297 1368 3386 solebat,
1398 3321 1442 3370 ao

428 3412 559 3504 saepius
588 3412 668 3499 die,
696 3412 830 3509 quicum
861 3413 1096 3504 detinebatur,
1127 3433 1272 3498 extremo
1296 3437 1448 3514 praesen«

767 3619 1097 3662 mmmmm*

469 3757 520 3845 (ι)
537 3761 747 3826 Commentario
768 3765 818 3826 cit.
837 3785 903 3858 pag.
927 3786 991 3836 122,

471 3874 520 3952 (a)
541 3872 617 3933 lbid.
636 3893 701 3954 pag.
726 3872 791 3933 151.

387 4000 392 4008 ·
473 3979 525 4069 (3)
545 3979 623 4045 ibid.
640 4001 705 4069 pag.
725 3984 773 4072 87.
799 3971 865 4048 153.
