3259 4959
577 380 867 438 amomrsuorea
1162 373 1227 443 261

257 498 473 596 Aegrotantes
490 525 567 573 vero
585 504 745 594 peculiari
773 505 911 574 caritate
925 505 1232 597 complectebatur.

211 616 336 692 iisdem
356 621 469 692 aderat
487 621 544 690 diu
562 641 746 714 noctuque,
769 647 831 694 nec
849 623 1052 715 patiebatur,
1073 626 1130 698 ubi
1150 653 1233 698 unus

212 752 343 829 posset,
363 735 616 810 alteramenta
642 760 719 806 snas
744 737 856 824 vices,
879 763 922 808 ne
944 739 974 809 si
994 740 1078 808 ultro
1099 740 1234 831 quidem

212 856 255 926 ad
274 856 310 924 id
328 877 365 924 se
386 851 537 924 offerret.
556 854 644 924 Suae
662 855 753 924 enim
772 855 849 926 fidei
868 858 1082 928 commissum
1103 881 1235 951 gregem

210 973 338 1044 sciebat
345 1026 357 1060 ,
386 974 439 1043 cui
464 991 637 1066 propterea
665 975 834 1060 docendo,
867 974 1044 1064 hortando,
1070 979 1235 1048 monendo

212 1110 277 1181 qua
305 1088 490 1180 privatim,
514 1111 580 1177 qua
607 1085 739 1177 publice
766 1087 890 1156 institit
918 1106 1009 1159 tanto
1034 1093 1143 1162 studio
1164 1145 1175 1177 ,
1198 1109 1235 1163 ut

212 1227 394 1299 numquam
421 1205 589 1275 laboribus
617 1207 824 1297 pepercerit.
853 1210 975 1276 Totam
1000 1233 1035 1277 se
1060 1211 1235 1282 devoverat

212 1321 284 1416 ejus
301 1319 416 1388 bono.
446 1321 517 1388 Hoc
543 1319 735 1411 spectabat,
762 1345 838 1390 cum
872 1324 1032 1412 templum
1063 1324 1099 1394 in
1131 1327 1235 1396 multo

213 1433 430 1523 ampliorem,
450 1455 551 1523 quam
570 1450 686 1519 antea,
706 1432 848 1504 sunnam
867 1435 1058 1528 erigendum
1079 1464 1099 1508 a
1118 1437 1236 1508 funda-

212 1547 335 1616 mentis
362 1549 527 1637 suscepit,
555 1547 730 1639 ipsumque
760 1548 899 1641 perfecit
926 1577 1002 1621 cura
1031 1570 1064 1622 ct
1083 1553 1235 1644 impensa

211 1665 354 1752 inagna.
375 1661 527 1730 Maxime
551 1685 648 1747 vero,
666 1686 742 1732 eum
761 1664 876 1732 sedulo
895 1663 929 1733 in
950 1665 985 1734 id
1012 1665 1237 1754 incumberet,

214 1799 257 1846 ne
271 1776 360 1868 quod
373 1774 530 1846 existeret
548 1776 685 1869 privatis
704 1777 739 1847 in
764 1778 917 1850 domibus
937 1778 1136 1866 dissidium,
1155 1804 1238 1850 neve

212 1889 282 1958 ulla
295 1889 408 1980 populi
423 1889 600 1960 dissensio.
615 1890 667 1960 Ad
683 1891 719 1960 id
733 1890 950 1962 obtinendum
967 1893 1147 1982 plurimum
1161 1918 1235 1963 con·

213 2007 291 2103 tulit
308 2006 381 2102 ejus
399 2006 590 2100 vigilantia,
610 2009 808 2098 prudentia,
828 2009 1024 2078 auctoritas.
1043 2011 1170 2100 Magna
1183 1987 1187 1996 ¹
1198 2037 1237 2081 c-

212 2126 285 2194 nim
311 2144 383 2194 erat
410 2127 497 2216 apud
525 2150 641 2193 omnes
673 2127 763 2193 illius
791 2127 927 2214 opinio,
948 2127 1035 2214 apud
1062 2131 1233 2216 patavinus

213 2238 390 2328 praecipue
418 2239 591 2328 episcopos
617 2237 744 2327 optime
770 2236 813 2306 de
842 2261 881 2306 co
909 2239 1031 2306 sentire
1062 2239 1176 2310 solitos
1200 2259 1235 2309 et

213 2355 326 2444 toqui.
347 2338 603 2426 Hunc'relatum
622 2355 710 2429 inter
729 2356 867 2425 vicarios
886 2355 1034 2426 foraneus
1063 2357 1235 2426 voluerunt

213 2472 290 2542 aliis
310 2495 462 2562 praeesse
473 2521 484 2557 ,
508 2487 542 2540 et
559 2469 653 2539 obire
680 2487 808 2560 partem
836 2468 935 2539 officii
954 2471 1026 2558 sui3
1045 2473 1132 2562 quod
1160 2473 1236 2562 qui-

215 2587 293 2658 dem
311 2588 342 2658 is
358 2585 604 2657 administravit
622 2604 742 2676 magna
761 2607 836 2653 cum
856 2584 952 2654 laude
972 2585 1184 2674 prudentiae,
1199 2602 1234 2653 et

213 2703 461 2777 'ecclesiasticae
491 2704 689 2794 disciplinae
712 2701 879 2795 proiectu.
907 2704 1094 2775 Cardinalis
1126 2706 1235 2775 Vern-

215 2825 328 2896 nesios
359 2849 436 2896 eum
465 2821 694 2915 designaverat
724 2823 871 2913 patavini
900 2821 1077 2894 Seminarii
1114 2823 1233 2892 studiis

215 2940 411 3031 praeficere.
428 2937 583 3008 Habebat
602 2937 768 3028 siquidem
789 2931 994 3027 perspectam
1014 2953 1047 3004 et
1065 2937 1232 3026 cognitam

211 3060 304 3130 iilius
336 3058 547 3128 doctrinam.
575 3057 641 3127 Sed
675 3056 820 3126 oblatam
841 3056 1044 3147 provinciam
1073 3055 1238 3126 recusavit

215 3175 497 3267 Antonius,qu0d
516 3175 558 3246 ad
578 3175 644 3244 alia
662 3174 863 3269 jampridem
883 3175 992 3245 studia
1011 3173 1161 3246 animum
1180 3173 1236 3247 ad·

212 3291 347 3386 jecisset
364 3291 514 3358 addictus
538 3291 648 3383 gregi·

261 3401 428 3486 Atestini,
443 3403 677 3491 colonienses,
688 3403 1004 3489 Montaneanenses,
1016 3405 1139 3496 aliique
1156 3427 1235 3475 eum

217 3522 400 3610 habuerant
418 3545 538 3612 magno
556 3523 591 3590 in
601 3524 720 3613 pretio.
735 3522 892 3596 Sciebant
910 3525 1020 3612 ipsum
1039 3521 1145 3610 adire,
1158 3546 1235 3600 eum

217 3643 405 3723 consulere,
435 3637 477 3707 de
507 3660 547 3706 eo
573 3637 785 3729 praedicare.
812 3637 902 3727 Quin
922 3653 955 3706 et
974 3637 1121 3706 extranei
1155 3637 1234 3712 illas

218 3772 425 3829 transeuntes
454 3779 531 3827 eum
555 3756 796 3827 conveniebant
819 3755 928 3826 studio
946 3754 1079 3825 videndi
1097 3755 1233 3846 ipsum.

218 3876 282 3948 Ille
300 3902 383 3948 unus
401 3876 443 3946 de
462 3901 498 3946 se
518 3875 663 3946 demisse
681 3876 859 3963 sentiebat,
880 3875 922 3946 de
940 3875 1015 3944 aliis
1035 3897 1112 3944 vero
1142 3896 1236 3964 prae-

219 3993 306 4067 clare
325 4049 334 4066 .
365 3998 442 4071 Non
475 3996 597 4093 gloriae
616 3995 795 4090 cupiditas,
814 4019 879 4066 non
897 3994 1057 4088 pecuniae
1076 3993 1231 4062 eumdem
