<?xml version="1.0" encoding="UTF-8"?>
<!DOCTYPE html PUBLIC "-//W3C//DTD XHTML 1.0 Transitional//EN"
    "http://www.w3.org/TR/xhtml1/DTD/xhtml1-transitional.dtd">
<html xmlns="http://www.w3.org/1999/xhtml" xml:lang="en" lang="en">
 <head>
  <title>
</title>
<meta http-equiv="Content-Type" content="text/html;charset=utf-8" />
  <meta name='ocr-system' content='tesseract 3.04.00' />
  <meta name='ocr-capabilities' content='ocr_page ocr_carea ocr_par ocr_line ocrx_word'/>
</head>
<body>
  <div class='ocr_page' id='page_1' title='image "./vitaevirorumill00ferrgoog_0377.png"; bbox 0 0 3259 4959; ppageno 0'>
   <div class='ocr_carea' id='block_1_1' title="bbox 479 380 1248 478">
    <p class='ocr_par' dir='ltr' id='par_1_1' title="bbox 479 380 1248 478">
     <span class='ocr_line' id='line_1_1' title="bbox 479 380 1248 478; baseline 0.004 -26"><span class='ocrx_word' id='word_1_1' title='bbox 479 396 591 452; x_wconf 81' lang='lat' dir='ltr'>rrtner</span> <span class='ocrx_word' id='word_1_2' title='bbox 608 396 987 452; x_wconf 72' lang='lat' dir='ltr'>ammirorcsscrm</span> <span class='ocrx_word' id='word_1_3' title='bbox 1177 380 1248 478; x_wconf 73' lang='lat'>529</span> 
     </span>
    </p>
   </div>
   <div class='ocr_carea' id='block_1_2' title="bbox 226 522 1255 2118">
    <p class='ocr_par' dir='ltr' id='par_1_2' title="bbox 226 522 1255 1864">
     <span class='ocr_line' id='line_1_2' title="bbox 229 522 1243 617; baseline 0.001 -21"><span class='ocrx_word' id='word_1_4' title='bbox 229 522 321 617; x_wconf 67' lang='lat' dir='ltr'>geris</span> <span class='ocrx_word' id='word_1_5' title='bbox 349 523 528 595; x_wconf 74' lang='lat' dir='ltr'><strong>obruerant</strong></span> <span class='ocrx_word' id='word_1_6' title='bbox 551 577 559 592; x_wconf 91' lang='lat'><strong>.</strong></span> <span class='ocrx_word' id='word_1_7' title='bbox 587 527 722 595; x_wconf 77' lang='lat' dir='ltr'>Murcus</span> <span class='ocrx_word' id='word_1_8' title='bbox 740 524 897 609; x_wconf 87' lang='lat' dir='ltr'>occurrit,</span> <span class='ocrx_word' id='word_1_9' title='bbox 917 541 951 593; x_wconf 89' lang='lat' dir='ltr'>et</span> <span class='ocrx_word' id='word_1_10' title='bbox 981 545 1050 592; x_wconf 89' lang='lat' dir='ltr'>rem</span> <span class='ocrx_word' id='word_1_11' title='bbox 1073 523 1243 613; x_wconf 80' lang='lat' dir='ltr'>expediit.</span> 
     </span>
     <span class='ocr_line' id='line_1_3' title="bbox 230 637 1244 729; baseline 0.002 -21"><span class='ocrx_word' id='word_1_12' title='bbox 230 638 402 728; x_wconf 78' lang='lat' dir='ltr'><strong>Quidquid</strong></span> <span class='ocrx_word' id='word_1_13' title='bbox 421 637 522 717; x_wconf 89' lang='lat' dir='ltr'>boni,</span> <span class='ocrx_word' id='word_1_14' title='bbox 537 639 592 729; x_wconf 85' lang='lat' dir='ltr'>api</span> <span class='ocrx_word' id='word_1_15' title='bbox 610 638 754 721; x_wconf 84' lang='lat' dir='ltr'>similis,</span> <span class='ocrx_word' id='word_1_16' title='bbox 774 637 818 707; x_wconf 83' lang='lat' dir='ltr'>sb</span> <span class='ocrx_word' id='word_1_17' title='bbox 844 637 886 708; x_wconf 87' lang='lat' dir='ltr'>iis</span> <span class='ocrx_word' id='word_1_18' title='bbox 905 638 1085 727; x_wconf 73' lang='lat' dir='ltr'>expressit,</span> <span class='ocrx_word' id='word_1_19' title='bbox 1104 655 1138 706; x_wconf 89' lang='lat' dir='ltr'>et</span> <span class='ocrx_word' id='word_1_20' title='bbox 1160 665 1244 710; x_wconf 81' lang='lat' dir='ltr'>ncta</span> 
     </span>
     <span class='ocr_line' id='line_1_4' title="bbox 231 745 1245 844; baseline 0.003 -24"><span class='ocrx_word' id='word_1_21' title='bbox 231 769 399 844; x_wconf 82' lang='lat' dir='ltr'>praetcrea</span> <span class='ocrx_word' id='word_1_22' title='bbox 425 750 579 835; x_wconf 77' lang='lat' dir='ltr'>eddidit,</span> <span class='ocrx_word' id='word_1_23' title='bbox 597 751 710 820; x_wconf 84' lang='lat' dir='ltr'>omnis</span> <span class='ocrx_word' id='word_1_24' title='bbox 730 751 1012 840; x_wconf 87' lang='lat' dir='ltr'>comprehendens</span> <span class='ocrx_word' id='word_1_25' title='bbox 1029 745 1161 841; x_wconf 75' lang='lat' dir='ltr'>prucis.</span> <span class='ocrx_word' id='word_1_26' title='bbox 1181 753 1245 824; x_wconf 83' lang='lat' dir='ltr'>llis</span> 
     </span>
     <span class='ocr_line' id='line_1_5' title="bbox 229 863 1245 956; baseline -0.002 -20"><span class='ocrx_word' id='word_1_27' title='bbox 229 864 384 937; x_wconf 84' lang='lat' dir='ltr'>intimum</span> <span class='ocrx_word' id='word_1_28' title='bbox 404 865 472 936; x_wconf 85' lang='lat' dir='ltr'>rim</span> <span class='ocrx_word' id='word_1_29' title='bbox 492 865 701 934; x_wconf 81' lang='lat' dir='ltr'>demonstrat</span> <span class='ocrx_word' id='word_1_30' title='bbox 718 863 792 953; x_wconf 77' lang='lat' dir='ltr'>iuti</span> <span class='ocrx_word' id='word_1_31' title='bbox 819 863 996 956; x_wconf 79' lang='lat' dir='ltr'>cujuslibet</span> <span class='ocrx_word' id='word_1_32' title='bbox 1022 865 1245 956; x_wconf 77' lang='lat' dir='ltr'>epigramma-</span> 
     </span>
     <span class='ocr_line' id='line_1_6' title="bbox 230 981 1246 1071; baseline -0.004 -19"><span class='ocrx_word' id='word_1_33' title='bbox 230 983 274 1052; x_wconf 88' lang='lat' dir='ltr'>tis</span> <span class='ocrx_word' id='word_1_34' title='bbox 291 984 345 1052; x_wconf 85' lang='lat' dir='ltr'>rel</span> <span class='ocrx_word' id='word_1_35' title='bbox 365 982 547 1065; x_wconf 88' lang='lat' dir='ltr'>cantionis,</span> <span class='ocrx_word' id='word_1_36' title='bbox 566 998 601 1050; x_wconf 90' lang='lat' dir='ltr'>et</span> <span class='ocrx_word' id='word_1_37' title='bbox 618 981 784 1071; x_wconf 89' lang='lat' dir='ltr'>poeticum</span> <span class='ocrx_word' id='word_1_38' title='bbox 802 981 999 1050; x_wconf 86' lang='lat' dir='ltr'>artificium.</span> <span class='ocrx_word' id='word_1_39' title='bbox 1019 981 1178 1050; x_wconf 82' lang='lat' dir='ltr'>Fabulam</span> <span class='ocrx_word' id='word_1_40' title='bbox 1199 995 1246 1050; x_wconf 86' lang='lat' dir='ltr'>et·</span> 
     </span>
     <span class='ocr_line' id='line_1_7' title="bbox 228 1097 1255 1190; baseline -0.004 -20"><span class='ocrx_word' id='word_1_41' title='bbox 228 1099 298 1170; x_wconf 85' lang='lat' dir='ltr'>ism</span> <span class='ocrx_word' id='word_1_42' title='bbox 323 1099 454 1170; x_wconf 79' lang='lat' dir='ltr'>addidit</span> <span class='ocrx_word' id='word_1_43' title='bbox 480 1123 519 1168; x_wconf 84' lang='lat' dir='ltr'>es</span> <span class='ocrx_word' id='word_1_44' title='bbox 539 1099 651 1169; x_wconf 82' lang='lat' dir='ltr'>omnia</span> <span class='ocrx_word' id='word_1_45' title='bbox 679 1099 903 1168; x_wconf 88' lang='lat' dir='ltr'>continentem</span> <span class='ocrx_word' id='word_1_46' title='bbox 928 1099 1106 1184; x_wconf 82' lang='lat' dir='ltr'>vocabula,</span> <span class='ocrx_word' id='word_1_47' title='bbox 1125 1097 1255 1190; x_wconf 77' lang='lat' dir='ltr'>quihus·</span> 
     </span>
     <span class='ocr_line' id='line_1_8' title="bbox 226 1210 1246 1299; baseline -0.006 -17"><span class='ocrx_word' id='word_1_48' title='bbox 226 1211 265 1282; x_wconf 91' lang='lat' dir='ltr'>in</span> <span class='ocrx_word' id='word_1_49' title='bbox 288 1211 332 1280; x_wconf 92' lang='lat' dir='ltr'>iis</span> <span class='ocrx_word' id='word_1_50' title='bbox 359 1210 563 1282; x_wconf 77' lang='lat' dir='ltr'>carminibus</span> <span class='ocrx_word' id='word_1_51' title='bbox 586 1233 664 1279; x_wconf 87' lang='lat' dir='ltr'>usus</span> <span class='ocrx_word' id='word_1_52' title='bbox 681 1210 786 1294; x_wconf 81' lang='lat' dir='ltr'>Casa,</span> <span class='ocrx_word' id='word_1_53' title='bbox 802 1225 838 1278; x_wconf 88' lang='lat' dir='ltr'>et</span> <span class='ocrx_word' id='word_1_54' title='bbox 856 1211 973 1280; x_wconf 87' lang='lat' dir='ltr'>eadem</span> <span class='ocrx_word' id='word_1_55' title='bbox 992 1211 1130 1299; x_wconf 78' lang='lat' dir='ltr'>digessit</span> <span class='ocrx_word' id='word_1_56' title='bbox 1156 1215 1246 1296; x_wconf 87' lang='lat' dir='ltr'>ordi.</span> 
     </span>
     <span class='ocr_line' id='line_1_9' title="bbox 230 1327 1244 1416; baseline 0.004 -18"><span class='ocrx_word' id='word_1_57' title='bbox 230 1353 273 1399; x_wconf 87' lang='lat' dir='ltr'>ne</span> <span class='ocrx_word' id='word_1_58' title='bbox 298 1329 502 1398; x_wconf 86' lang='lat' dir='ltr'>littersmm.</span> <span class='ocrx_word' id='word_1_59' title='bbox 521 1331 647 1397; x_wconf 86' lang='lat' dir='ltr'>Horum</span> <span class='ocrx_word' id='word_1_60' title='bbox 675 1328 769 1416; x_wconf 86' lang='lat' dir='ltr'>plura</span> <span class='ocrx_word' id='word_1_61' title='bbox 787 1343 926 1396; x_wconf 84' lang='lat' dir='ltr'>testatur</span> <span class='ocrx_word' id='word_1_62' title='bbox 944 1327 1086 1416; x_wconf 85' lang='lat' dir='ltr'>ipsemet</span> <span class='ocrx_word' id='word_1_63' title='bbox 1114 1331 1244 1402; x_wconf 83' lang='lat' dir='ltr'>Forcel-</span> 
     </span>
     <span class='ocr_line' id='line_1_10' title="bbox 231 1437 1243 1536; baseline 0.002 -19"><span class='ocrx_word' id='word_1_64' title='bbox 231 1448 319 1518; x_wconf 87' lang='lat' dir='ltr'>linus</span> <span class='ocrx_word' id='word_1_65' title='bbox 338 1447 372 1516; x_wconf 90' lang='lat' dir='ltr'>in</span> <span class='ocrx_word' id='word_1_66' title='bbox 391 1446 532 1536; x_wconf 87' lang='lat' dir='ltr'>epistola</span> <span class='ocrx_word' id='word_1_67' title='bbox 550 1470 631 1516; x_wconf 84' lang='lat' dir='ltr'>sane</span> <span class='ocrx_word' id='word_1_68' title='bbox 659 1445 881 1536; x_wconf 82' lang='lat' dir='ltr'>pulcherrima</span> <span class='ocrx_word' id='word_1_69' title='bbox 905 1446 949 1516; x_wconf 83' lang='lat' dir='ltr'>sd</span> <span class='ocrx_word' id='word_1_70' title='bbox 974 1447 1131 1516; x_wconf 74' lang='lat' dir='ltr'>Facinum</span> <span class='ocrx_word' id='word_1_71' title='bbox 1161 1437 1243 1518; x_wconf 83' lang='lat' dir='ltr'>ado·</span> 
     </span>
     <span class='ocr_line' id='line_1_11' title="bbox 228 1563 1245 1655; baseline 0.001 -19"><span class='ocrx_word' id='word_1_72' title='bbox 228 1566 410 1636; x_wconf 86' lang='lat' dir='ltr'>lesoentem</span> <span class='ocrx_word' id='word_1_73' title='bbox 439 1565 586 1634; x_wconf 92' lang='lat' dir='ltr'>nobilem</span> <span class='ocrx_word' id='word_1_74' title='bbox 619 1563 710 1634; x_wconf 87' lang='lat' dir='ltr'>urbis</span> <span class='ocrx_word' id='word_1_75' title='bbox 741 1564 912 1649; x_wconf 84' lang='lat' dir='ltr'>Feltriae,</span> <span class='ocrx_word' id='word_1_76' title='bbox 944 1588 1043 1655; x_wconf 82' lang='lat' dir='ltr'>quem</span> <span class='ocrx_word' id='word_1_77' title='bbox 1072 1565 1178 1637; x_wconf 81' lang='lat' dir='ltr'>Casae</span> <span class='ocrx_word' id='word_1_78' title='bbox 1210 1593 1245 1636; x_wconf 90' lang='lat' dir='ltr'>o·</span> 
     </span>
     <span class='ocr_line' id='line_1_12' title="bbox 231 1657 1246 1770; baseline 0.003 -23"><span class='ocrx_word' id='word_1_79' title='bbox 231 1657 347 1770; x_wconf 83' lang='lat' dir='ltr'>perum</span> <span class='ocrx_word' id='word_1_80' title='bbox 381 1677 520 1749; x_wconf 82' lang='lat' dir='ltr'>editioni</span> <span class='ocrx_word' id='word_1_81' title='bbox 548 1677 737 1769; x_wconf 73' lang='lat' dir='ltr'>praeposuit</span> <span class='ocrx_word' id='word_1_82' title='bbox 763 1699 842 1746; x_wconf 85' lang='lat' dir='ltr'>ann.</span> <span class='ocrx_word' id='word_1_83' title='bbox 876 1677 961 1767; x_wconf 83' lang='lat'>1752</span> <span class='ocrx_word' id='word_1_84' title='bbox 995 1677 1147 1748; x_wconf 83' lang='lat' dir='ltr'>Veneriis</span> <span class='ocrx_word' id='word_1_85' title='bbox 1167 1703 1246 1770; x_wconf 90' lang='lat' dir='ltr'>pro-</span> 
     </span>
     <span class='ocr_line' id='line_1_13' title="bbox 233 1793 342 1864; baseline 0 0"><span class='ocrx_word' id='word_1_86' title='bbox 233 1793 342 1864; x_wconf 81' lang='lat' dir='ltr'>diras.</span> 
     </span>
    </p>

    <p class='ocr_par' dir='ltr' id='par_1_3' title="bbox 230 1907 1251 2118">
     <span class='ocr_line' id='line_1_14' title="bbox 268 1907 1246 2002; baseline 0.007 -26"><span class='ocrx_word' id='word_1_87' title='bbox 268 1908 339 1977; x_wconf 88' lang='lat' dir='ltr'>Hoc</span> <span class='ocrx_word' id='word_1_88' title='bbox 358 1907 474 1978; x_wconf 87' lang='lat' dir='ltr'>eodem</span> <span class='ocrx_word' id='word_1_89' title='bbox 493 1933 579 1980; x_wconf 85' lang='lat' dir='ltr'>nuno</span> <span class='ocrx_word' id='word_1_90' title='bbox 590 1909 725 1979; x_wconf 86' lang='lat' dir='ltr'>Marcus</span> <span class='ocrx_word' id='word_1_91' title='bbox 744 1907 780 1978; x_wconf 92' lang='lat' dir='ltr'>in</span> <span class='ocrx_word' id='word_1_92' title='bbox 792 1908 900 1980; x_wconf 89' lang='lat' dir='ltr'>lucem</span> <span class='ocrx_word' id='word_1_93' title='bbox 920 1911 1056 2000; x_wconf 87' lang='lat' dir='ltr'>protulit</span> <span class='ocrx_word' id='word_1_94' title='bbox 1076 1911 1157 1982; x_wconf 89' lang='lat' dir='ltr'>Zeni</span> <span class='ocrx_word' id='word_1_95' title='bbox 1176 1910 1246 2002; x_wconf 90' lang='lat' dir='ltr'>epi·</span> 
     </span>
     <span class='ocr_line' id='line_1_15' title="bbox 230 2024 1251 2118; baseline 0.006 -24"><span class='ocrx_word' id='word_1_96' title='bbox 230 2024 329 2094; x_wconf 90' lang='lat' dir='ltr'>stolas</span> <span class='ocrx_word' id='word_1_97' title='bbox 348 2027 615 2112; x_wconf 73' lang='lat' dir='ltr'>arembertus,</span> <span class='ocrx_word' id='word_1_98' title='bbox 633 2044 667 2097; x_wconf 90' lang='lat' dir='ltr'>et</span> <span class='ocrx_word' id='word_1_99' title='bbox 686 2029 801 2096; x_wconf 89' lang='lat' dir='ltr'>ordine</span> <span class='ocrx_word' id='word_1_100' title='bbox 833 2045 1018 2118; x_wconf 89' lang='lat' dir='ltr'>tempomm</span> <span class='ocrx_word' id='word_1_101' title='bbox 1046 2028 1222 2118; x_wconf 84' lang='lat' dir='ltr'>dispositas</span> <span class='ocrx_word' id='word_1_102' title='bbox 1234 2081 1251 2116; x_wconf 71' lang='lat'><em>„</em></span> 
     </span>
    </p>
   </div>
   <div class='ocr_carea' id='block_1_3' title="bbox 229 2139 1246 2341">
    <p class='ocr_par' dir='ltr' id='par_1_4' title="bbox 229 2139 1246 2341">
     <span class='ocr_line' id='line_1_16' title="bbox 230 2139 1246 2232; baseline 0.008 -24"><span class='ocrx_word' id='word_1_103' title='bbox 230 2139 317 2209; x_wconf 89' lang='lat' dir='ltr'>unde</span> <span class='ocrx_word' id='word_1_104' title='bbox 343 2165 408 2210; x_wconf 88' lang='lat' dir='ltr'>non</span> <span class='ocrx_word' id='word_1_105' title='bbox 427 2166 544 2232; x_wconf 88' lang='lat' dir='ltr'>parurn</span> <span class='ocrx_word' id='word_1_106' title='bbox 562 2140 717 2210; x_wconf 82' lang='lat' dir='ltr'>utilitatis</span> <span class='ocrx_word' id='word_1_107' title='bbox 740 2142 776 2208; x_wconf 92' lang='lat' dir='ltr'>in</span> <span class='ocrx_word' id='word_1_108' title='bbox 808 2164 923 2208; x_wconf 87' lang='lat' dir='ltr'>ornnes</span> <span class='ocrx_word' id='word_1_109' title='bbox 943 2140 1102 2212; x_wconf 82' lang='lat' dir='ltr'>bonarum</span> <span class='ocrx_word' id='word_1_110' title='bbox 1123 2144 1246 2216; x_wconf 81' lang='lat' dir='ltr'>artium</span> 
     </span>
     <span class='ocr_line' id='line_1_17' title="bbox 229 2250 1245 2341; baseline 0.001 -19"><span class='ocrx_word' id='word_1_111' title='bbox 229 2253 412 2322; x_wconf 85' lang='lat' dir='ltr'>studiosos.</span> <span class='ocrx_word' id='word_1_112' title='bbox 431 2257 470 2320; x_wconf 91' lang='lat' dir='ltr'>In</span> <span class='ocrx_word' id='word_1_113' title='bbox 495 2253 548 2320; x_wconf 86' lang='lat' dir='ltr'>his</span> <span class='ocrx_word' id='word_1_114' title='bbox 574 2253 664 2321; x_wconf 87' lang='lat' dir='ltr'>enim</span> <span class='ocrx_word' id='word_1_115' title='bbox 684 2250 826 2338; x_wconf 85' lang='lat' dir='ltr'>plurimu</span> <span class='ocrx_word' id='word_1_116' title='bbox 847 2251 888 2319; x_wconf 91' lang='lat' dir='ltr'>de</span> <span class='ocrx_word' id='word_1_117' title='bbox 909 2251 1022 2320; x_wconf 89' lang='lat' dir='ltr'>multis</span> <span class='ocrx_word' id='word_1_118' title='bbox 1042 2254 1245 2341; x_wconf 81' lang='lat' dir='ltr'>auctoribus,</span> 
     </span>
    </p>
   </div>
   <div class='ocr_carea' id='block_1_4' title="bbox 156 2365 1283 4092">
    <p class='ocr_par' dir='ltr' id='par_1_5' title="bbox 156 2365 1248 3376">
     <span class='ocr_line' id='line_1_18' title="bbox 231 2365 1243 2457; baseline 0.003 -21"><span class='ocrx_word' id='word_1_119' title='bbox 231 2388 409 2457; x_wconf 85' lang='lat' dir='ltr'>eorumque</span> <span class='ocrx_word' id='word_1_120' title='bbox 427 2367 652 2457; x_wconf 88' lang='lat' dir='ltr'>operibus‚de</span> <span class='ocrx_word' id='word_1_121' title='bbox 665 2365 1011 2455; x_wconf 87' lang='lat' dir='ltr'>inscriptionibus‚de</span> <span class='ocrx_word' id='word_1_122' title='bbox 1031 2368 1243 2438; x_wconf 86' lang='lat' dir='ltr'>numismati-</span> 
     </span>
     <span class='ocr_line' id='line_1_19' title="bbox 156 2483 1244 2576; baseline 0.004 -24"><span class='ocrx_word' id='word_1_123' title='bbox 156 2531 161 2538; x_wconf 89' lang='lat'><em>·</em></span> <span class='ocrx_word' id='word_1_124' title='bbox 231 2483 313 2568; x_wconf 88' lang='lat' dir='ltr'>bus,</span> <span class='ocrx_word' id='word_1_125' title='bbox 332 2486 374 2556; x_wconf 91' lang='lat' dir='ltr'>de</span> <span class='ocrx_word' id='word_1_126' title='bbox 392 2485 594 2576; x_wconf 76' lang='lat' dir='ltr'>quibuslibet</span> <span class='ocrx_word' id='word_1_127' title='bbox 613 2485 835 2554; x_wconf 84' lang='lat' dir='ltr'>monumentis</span> <span class='ocrx_word' id='word_1_128' title='bbox 860 2487 1028 2575; x_wconf 80' lang='lat' dir='ltr'>antiquis.</span> <span class='ocrx_word' id='word_1_129' title='bbox 1057 2489 1097 2562; x_wconf 89' lang='lat' dir='ltr'>In</span> <span class='ocrx_word' id='word_1_130' title='bbox 1126 2487 1179 2558; x_wconf 89' lang='lat' dir='ltr'>his</span> <span class='ocrx_word' id='word_1_131' title='bbox 1209 2513 1244 2556; x_wconf 86' lang='lat' dir='ltr'>o-</span> 
     </span>
     <span class='ocr_line' id='line_1_20' title="bbox 232 2598 1246 2691; baseline -0.001 -20"><span class='ocrx_word' id='word_1_132' title='bbox 232 2599 389 2690; x_wconf 79' lang='lat' dir='ltr'>mnigena</span> <span class='ocrx_word' id='word_1_133' title='bbox 408 2601 645 2691; x_wconf 75' lang='lat' dir='ltr'>propemodum</span> <span class='ocrx_word' id='word_1_134' title='bbox 664 2598 824 2669; x_wconf 81' lang='lat' dir='ltr'>eruditio.</span> <span class='ocrx_word' id='word_1_135' title='bbox 844 2599 909 2688; x_wconf 82' lang='lat' dir='ltr'>Qui</span> <span class='ocrx_word' id='word_1_136' title='bbox 931 2623 1006 2670; x_wconf 88' lang='lat' dir='ltr'>vero</span> <span class='ocrx_word' id='word_1_137' title='bbox 1022 2602 1137 2672; x_wconf 90' lang='lat' dir='ltr'>nolunt</span> <span class='ocrx_word' id='word_1_138' title='bbox 1163 2605 1246 2672; x_wconf 89' lang='lat' dir='ltr'>inte-</span> 
     </span>
     <span class='ocr_line' id='line_1_21' title="bbox 231 2716 1246 2812; baseline 0.004 -26"><span class='ocrx_word' id='word_1_139' title='bbox 231 2717 318 2787; x_wconf 90' lang='lat' dir='ltr'>riora</span> <span class='ocrx_word' id='word_1_140' title='bbox 337 2720 493 2802; x_wconf 87' lang='lat' dir='ltr'>scrutari,</span> <span class='ocrx_word' id='word_1_141' title='bbox 521 2719 564 2788; x_wconf 93' lang='lat' dir='ltr'>iis</span> <span class='ocrx_word' id='word_1_142' title='bbox 595 2718 672 2787; x_wconf 89' lang='lat' dir='ltr'>hinc</span> <span class='ocrx_word' id='word_1_143' title='bbox 704 2716 885 2809; x_wconf 85' lang='lat' dir='ltr'>perlectum</span> <span class='ocrx_word' id='word_1_144' title='bbox 911 2721 1058 2812; x_wconf 83' lang='lat' dir='ltr'>suppetit</span> <span class='ocrx_word' id='word_1_145' title='bbox 1085 2722 1246 2812; x_wconf 87' lang='lat' dir='ltr'>epistolae</span> 
     </span>
     <span class='ocr_line' id='line_1_22' title="bbox 231 2828 1244 2927; baseline 0.008 -28"><span class='ocrx_word' id='word_1_146' title='bbox 231 2828 405 2900; x_wconf 78' lang='lat' dir='ltr'>familiaris</span> <span class='ocrx_word' id='word_1_147' title='bbox 424 2833 634 2922; x_wconf 82' lang='lat' dir='ltr'>exemplum.</span> <span class='ocrx_word' id='word_1_148' title='bbox 653 2831 706 2900; x_wconf 91' lang='lat' dir='ltr'>lbi</span> <span class='ocrx_word' id='word_1_149' title='bbox 726 2831 811 2900; x_wconf 88' lang='lat' dir='ltr'>nihil</span> <span class='ocrx_word' id='word_1_150' title='bbox 831 2833 1013 2918; x_wconf 87' lang='lat' dir='ltr'>adscitum,</span> <span class='ocrx_word' id='word_1_151' title='bbox 1027 2834 1112 2904; x_wconf 88' lang='lat' dir='ltr'>nihil</span> <span class='ocrx_word' id='word_1_152' title='bbox 1131 2836 1244 2927; x_wconf 89' lang='lat' dir='ltr'>exqui-</span> 
     </span>
     <span class='ocr_line' id='line_1_23' title="bbox 231 2947 1243 3045; baseline 0.009 -30"><span class='ocrx_word' id='word_1_153' title='bbox 231 2947 328 3017; x_wconf 87' lang='lat' dir='ltr'>sitius</span> <span class='ocrx_word' id='word_1_154' title='bbox 353 2947 584 3018; x_wconf 78' lang='lat' dir='ltr'>eleboratum.</span> <span class='ocrx_word' id='word_1_155' title='bbox 609 2949 712 3020; x_wconf 89' lang='lat' dir='ltr'>Stilus</span> <span class='ocrx_word' id='word_1_156' title='bbox 739 2950 908 3041; x_wconf 85' lang='lat' dir='ltr'>simplex,</span> <span class='ocrx_word' id='word_1_157' title='bbox 937 2952 1119 3038; x_wconf 83' lang='lat' dir='ltr'>naturalis,</span> <span class='ocrx_word' id='word_1_158' title='bbox 1149 2952 1243 3045; x_wconf 58' lang='lat' dir='ltr'>ingen</span> 
     </span>
     <span class='ocr_line' id='line_1_24' title="bbox 231 3060 1244 3152; baseline 0.009 -24"><span class='ocrx_word' id='word_1_159' title='bbox 231 3083 315 3132; x_wconf 89' lang='lat' dir='ltr'>nuus</span> <span class='ocrx_word' id='word_1_160' title='bbox 323 3112 334 3145; x_wconf 93' lang='lat'>‚</span> <span class='ocrx_word' id='word_1_161' title='bbox 349 3061 394 3130; x_wconf 85' lang='lat' dir='ltr'>ad</span> <span class='ocrx_word' id='word_1_162' title='bbox 404 3063 580 3152; x_wconf 78' lang='lat' dir='ltr'>legendum</span> <span class='ocrx_word' id='word_1_163' title='bbox 599 3060 698 3134; x_wconf 84' lang='lat' dir='ltr'>facilc</span> <span class='ocrx_word' id='word_1_164' title='bbox 716 3064 866 3134; x_wconf 82' lang='lat' dir='ltr'>alliciens</span> <span class='ocrx_word' id='word_1_165' title='bbox 881 3115 889 3132; x_wconf 91' lang='lat'><strong>.</strong></span> <span class='ocrx_word' id='word_1_166' title='bbox 905 3067 976 3134; x_wconf 86' lang='lat' dir='ltr'>llac</span> <span class='ocrx_word' id='word_1_167' title='bbox 991 3065 1137 3135; x_wconf 91' lang='lat' dir='ltr'>editione</span> <span class='ocrx_word' id='word_1_168' title='bbox 1148 3069 1244 3137; x_wconf 82' lang='lat' dir='ltr'>Mar-</span> 
     </span>
     <span class='ocr_line' id='line_1_25' title="bbox 230 3174 1248 3266; baseline 0.008 -24"><span class='ocrx_word' id='word_1_169' title='bbox 230 3197 290 3242; x_wconf 90' lang='lat' dir='ltr'>cus</span> <span class='ocrx_word' id='word_1_170' title='bbox 304 3174 539 3244; x_wconf 84' lang='lat' dir='ltr'>consulendum</span> <span class='ocrx_word' id='word_1_171' title='bbox 555 3176 681 3244; x_wconf 79' lang='lat' dir='ltr'>curavit</span> <span class='ocrx_word' id='word_1_172' title='bbox 699 3175 942 3246; x_wconf 82' lang='lat' dir='ltr'>immortalitati</span> <span class='ocrx_word' id='word_1_173' title='bbox 963 3179 1025 3246; x_wconf 86' lang='lat' dir='ltr'>viri</span> <span class='ocrx_word' id='word_1_174' title='bbox 1046 3179 1248 3266; x_wconf 81' lang='lat' dir='ltr'>doctissimi,</span> 
     </span>
     <span class='ocr_line' id='line_1_26' title="bbox 232 3287 1248 3376; baseline 0.012 -23"><span class='ocrx_word' id='word_1_175' title='bbox 232 3287 367 3375; x_wconf 82' lang='lat' dir='ltr'>quicum</span> <span class='ocrx_word' id='word_1_176' title='bbox 396 3288 461 3376; x_wconf 89' lang='lat' dir='ltr'>ipsi</span> <span class='ocrx_word' id='word_1_177' title='bbox 491 3290 638 3358; x_wconf 79' lang='lat' dir='ltr'>inaximo</span> <span class='ocrx_word' id='word_1_178' title='bbox 656 3289 863 3360; x_wconf 84' lang='lat' dir='ltr'>necessitudo</span> <span class='ocrx_word' id='word_1_179' title='bbox 882 3291 1128 3366; x_wconf 86' lang='lat' dir='ltr'>intercesserat:</span> <span class='ocrx_word' id='word_1_180' title='bbox 1159 3316 1248 3365; x_wconf 85' lang='lat' dir='ltr'>eam·</span> 
     </span>
    </p>

    <p class='ocr_par' dir='ltr' id='par_1_6' title="bbox 220 3387 1283 4092">
     <span class='ocr_line' id='line_1_27' title="bbox 220 3387 1283 3495; baseline 0.01 -27"><span class='ocrx_word' id='word_1_181' title='bbox 220 3399 375 3490; x_wconf 17' lang='lat' dir='ltr'>&#39;demque</span> <span class='ocrx_word' id='word_1_182' title='bbox 404 3400 536 3468; x_wconf 89' lang='lat' dir='ltr'>nomine</span> <span class='ocrx_word' id='word_1_183' title='bbox 561 3402 689 3470; x_wconf 83' lang='lat' dir='ltr'>ornavit</span> <span class='ocrx_word' id='word_1_184' title='bbox 708 3403 897 3472; x_wconf 77' lang='lat' dir='ltr'>sebastiani</span> <span class='ocrx_word' id='word_1_185' title='bbox 923 3405 1074 3474; x_wconf 86' lang='lat' dir='ltr'>Andreae</span> <span class='ocrx_word' id='word_1_186' title='bbox 1092 3407 1245 3495; x_wconf 78' lang='lat' dir='ltr'>Crottae,</span> <span class='ocrx_word' id='word_1_187' title='bbox 1282 3387 1283 3390; x_wconf 8' lang='grc' dir='ltr'><strong>Ἴ</strong></span> 
     </span>
     <span class='ocr_line' id='line_1_28' title="bbox 232 3517 1245 3614; baseline 0.01 -28"><span class='ocrx_word' id='word_1_188' title='bbox 232 3517 290 3610; x_wconf 87' lang='lat' dir='ltr'>qui</span> <span class='ocrx_word' id='word_1_189' title='bbox 303 3517 452 3610; x_wconf 77' lang='lat' dir='ltr'>ejusdem</span> <span class='ocrx_word' id='word_1_190' title='bbox 467 3518 548 3586; x_wconf 88' lang='lat' dir='ltr'>Zeni</span> <span class='ocrx_word' id='word_1_191' title='bbox 567 3519 731 3587; x_wconf 83' lang='lat' dir='ltr'>maximus</span> <span class='ocrx_word' id='word_1_192' title='bbox 750 3520 1000 3605; x_wconf 84' lang='lat' dir='ltr'>admirator,ad</span> <span class='ocrx_word' id='word_1_193' title='bbox 1019 3521 1128 3612; x_wconf 84' lang='lat' dir='ltr'>ipsum</span> <span class='ocrx_word' id='word_1_194' title='bbox 1149 3530 1245 3614; x_wconf 88' lang='lat' dir='ltr'>pr&#39;ae·</span> 
     </span>
     <span class='ocr_line' id='line_1_29' title="bbox 232 3634 1244 3728; baseline 0.006 -21"><span class='ocrx_word' id='word_1_195' title='bbox 232 3636 336 3708; x_wconf 84' lang='lat' dir='ltr'>missa</span> <span class='ocrx_word' id='word_1_196' title='bbox 354 3634 510 3728; x_wconf 84' lang='lat' dir='ltr'>epistola.</span> <span class='ocrx_word' id='word_1_197' title='bbox 539 3638 579 3705; x_wconf 95' lang='lat' dir='ltr'>In</span> <span class='ocrx_word' id='word_1_198' title='bbox 598 3636 659 3706; x_wconf 88' lang='lat' dir='ltr'>hac</span> <span class='ocrx_word' id='word_1_199' title='bbox 679 3635 782 3707; x_wconf 82' lang='lat' dir='ltr'>lucius</span> <span class='ocrx_word' id='word_1_200' title='bbox 801 3655 963 3708; x_wconf 84' lang='lat' dir='ltr'>memorat</span> <span class='ocrx_word' id='word_1_201' title='bbox 981 3639 1182 3712; x_wconf 84' lang='lat' dir='ltr'>Forcellinus</span> <span class='ocrx_word' id='word_1_202' title='bbox 1201 3641 1244 3712; x_wconf 87' lang='lat' dir='ltr'>de</span> 
     </span>
     <span class='ocr_line' id='line_1_30' title="bbox 231 3747 1246 3844; baseline 0.009 -26"><span class='ocrx_word' id='word_1_203' title='bbox 231 3748 316 3818; x_wconf 85' lang='lat' dir='ltr'>Zeni</span> <span class='ocrx_word' id='word_1_204' title='bbox 341 3747 488 3818; x_wconf 91' lang='lat' dir='ltr'>moribus</span> <span class='ocrx_word' id='word_1_205' title='bbox 516 3773 555 3819; x_wconf 91' lang='lat' dir='ltr'>ac</span> <span class='ocrx_word' id='word_1_206' title='bbox 582 3751 727 3836; x_wconf 87' lang='lat' dir='ltr'>studiis,</span> <span class='ocrx_word' id='word_1_207' title='bbox 755 3775 813 3822; x_wconf 88' lang='lat' dir='ltr'>seu</span> <span class='ocrx_word' id='word_1_208' title='bbox 843 3753 951 3842; x_wconf 91' lang='lat' dir='ltr'>potius</span> <span class='ocrx_word' id='word_1_209' title='bbox 978 3754 1085 3844; x_wconf 88' lang='lat' dir='ltr'>ipsum</span> <span class='ocrx_word' id='word_1_210' title='bbox 1116 3755 1246 3832; x_wconf 83' lang='lat' dir='ltr'>abunde</span> 
     </span>
     <span class='ocr_line' id='line_1_31' title="bbox 232 3866 1244 3964; baseline 0.007 -26"><span class='ocrx_word' id='word_1_211' title='bbox 232 3866 372 3939; x_wconf 82' lang='lat' dir='ltr'>laudat.</span> <span class='ocrx_word' id='word_1_212' title='bbox 399 3869 543 3940; x_wconf 89' lang='lat' dir='ltr'>Narrare</span> <span class='ocrx_word' id='word_1_213' title='bbox 569 3870 661 3939; x_wconf 86' lang='lat' dir='ltr'>enim</span> <span class='ocrx_word' id='word_1_214' title='bbox 675 3924 687 3958; x_wconf 91' lang='lat'>‚</span> <span class='ocrx_word' id='word_1_215' title='bbox 713 3895 798 3962; x_wconf 85' lang='lat' dir='ltr'>quae</span> <span class='ocrx_word' id='word_1_216' title='bbox 828 3872 886 3942; x_wconf 91' lang='lat' dir='ltr'>ille</span> <span class='ocrx_word' id='word_1_217' title='bbox 915 3874 1066 3964; x_wconf 58' lang='lat' dir='ltr'>gesserim</span> <span class='ocrx_word' id='word_1_218' title='bbox 1086 3889 1138 3942; x_wconf 86' lang='lat' dir='ltr'>est</span> <span class='ocrx_word' id='word_1_219' title='bbox 1168 3897 1244 3946; x_wconf 88' lang='lat' dir='ltr'>curn</span> 
     </span>
     <span class='ocr_line' id='line_1_32' title="bbox 238 3979 1250 4092; baseline 0.008 -37"><span class='ocrx_word' id='word_1_220' title='bbox 238 3979 393 4056; x_wconf 77' lang='lat' dir='ltr'>laudare.</span> <span class='ocrx_word' id='word_1_221' title='bbox 419 3985 631 4081; x_wconf 71' lang='lat' dir='ltr'>Quamquam</span> <span class='ocrx_word' id='word_1_222' title='bbox 654 3983 814 4083; x_wconf 83' lang='lat' dir='ltr'>epistolae</span> <span class='ocrx_word' id='word_1_223' title='bbox 839 3987 936 4092; x_wconf 51' lang='lat' dir='ltr'>ipsse¹</span> <span class='ocrx_word' id='word_1_224' title='bbox 963 4005 1039 4064; x_wconf 89' lang='lat' dir='ltr'>sunt</span> <span class='ocrx_word' id='word_1_225' title='bbox 1065 3987 1250 4084; x_wconf 72' lang='lat' dir='ltr'>putcherri-</span> 
     </span>
    </p>
   </div>
   <div class='ocr_carea' id='block_1_5' title="bbox 0 0 1636 4959">
    <p class='ocr_par' dir='ltr' id='par_1_7' title="bbox 0 0 1636 4959">
     <span class='ocr_line' id='line_1_33' title="bbox 0 0 1636 4959; baseline 0 0"><span class='ocrx_word' id='word_1_226' title='bbox 0 0 1636 4959; x_wconf 95' lang='lat' dir='ltr'> </span> 
     </span>
    </p>
   </div>
  </div>
 </body>
</html>
