3259 4959
395 330 463 419 ἥρ
696 362 699 373 ·
872 337 957 389 vt‘ut

397 466 437 533 de
457 457 685 554 ephemerides
709 454 892 525 litterariae
912 456 988 546 (1).
1017 456 1090 524 Hoc
1116 455 1164 525 ita
1193 462 1418 533 enuntiatur:

394 586 449 653 De
463 578 603 669 antiquo
623 576 657 645 in
677 572 824 647 romanis
847 571 971 643 scholis
989 574 1285 665 grationoticorum
1310 580 1416 651 disci·

391 686 890 787 plina,Dissertotioludicro.
908 691 956 756 Ea
976 688 1176 777 completam
1195 695 1360 781 quandam
1382 711 1419 765 et

395 814 578 883 absolutam
600 808 773 877 historiam
793 808 940 875 continet
959 807 1131 891 methodi,
1151 810 1296 894 ordinis,
1316 813 1416 881 disci·

393 931 505 1023 plinae
526 946 594 999 turn
614 928 771 1010 intimae,
792 941 862 993 tum
882 941 1036 993 externae
1056 926 1090 991 iu
1109 926 1230 996 scholis
1249 952 1413 1017 gramma·

394 1050 532 1126 ticorum
558 1064 705 1115 veterum
724 1060 924 1133 usurpatae.
945 1044 1134 1133 Lipsienses
1154 1046 1334 1115 academici
1354 1073 1413 1116 ao-

394 1183 539 1237 curatam
559 1165 730 1254 synopsim
753 1162 915 1232 exhibent
933 1164 988 1253 (2)
1017 1162 1115 1252 hujus
1149 1162 1410 1253 dissertationis,

392 1303 490 1371 quam
511 1295 622 1349 auctor
642 1277 805 1369 adspersit
823 1276 928 1345 multo
951 1275 1040 1345 sale.
1060 1276 1184 1346 Eadem
1209 1302 1329 1348 nomen
1344 1282 1412 1349 An-

395 1398 476 1467 tonii
493 1398 615 1467 Vairae
636 1396 783 1487 episcopi
805 1394 964 1465 adriensis
984 1396 1184 1465 ostentatio
1213 1394 1333 1466 fronte.
1354 1398 1412 1469 sic

390 1508 524 1581 dissitas
553 1510 655 1579 etiam
684 1510 780 1578 urbes
801 1510 920 1579 Olivae
940 1506 1029 1579 sama
1049 1509 1217 1601 pervasit,
1236 1534 1320 1581 novo
1343 1513 1407 1585 hoe

389 1624 570 1695 tentamine
588 1622 706 1693 clarior
723 1619 830 1691 saeta.
1385 1695 1389 1704 ¹

434 1744 496 1813 Ille
520 1742 655 1809 in'torim
674 1742 832 1812 invitatur
851 1741 894 1811 ad
926 1740 1076 1811 omnium
1095 1740 1253 1812 bonarum
1282 1743 1403 1814 artium

388 1874 557 1950 parentem
578 1858 717 1925 Romam
736 1908 743 1923 .
777 1856 831 1925 Ne
849 1880 909 1923 nos
934 1857 1045 1945 pigeat
1069 1872 1202 1925 euntem
1229 1858 1403 1949 prosequi.

388 1980 492 2046 Roma
510 1974 617 2067 majus
636 1976 687 2043 illi
703 1962 884 2053 ¹theatrum
911 1977 1037 2064 aperit,
1057 1976 1091 2043 in
1120 2000 1185 2065 quo
1212 1992 1405 2064 spectetur.

387 2090 440 2159 Ibi
458 2088 595 2180 Josephi
615 2090 746 2159 Mariae
765 2090 896 2159 Ferooii
912 2089 1165 2166 ornatissimo
1184 2090 1402 2160 eruditissimi

386 2208 546 2297 praesulis
574 2225 729 2297 exceptus
763 2207 861 2278 domo
884 2210 1100 2279 litteratorum
1122 2210 1263 2277 virorum
1289 2210 1403 2298 coepit

386 2320 621 2391 consuetudine
647 2318 735 2406 itui,
763 2322 796 2391 in
817 2323 933 2413 primis
952 2323 1089 2411 Joannis
1108 2324 1237 2393 Mariae
1255 2323 1401 2393 Laocisii

387 2422 570 2503 Clementis
589 2437 639 2504 XI
664 2435 850 2521 Archiatri,
879 2460 977 2529 quem
1005 2436 1077 2529 ipse
1097 2437 1227 2507 tertium
1247 2437 1289 2507 ab
1312 2438 1402 2527 Hip-

386 2564 517 2638 pocrate
546 2564 581 2617 et
608 2548 736 2617 Galeno
760 2549 840 2619 artis
868 2550 1017 2621 medicae
1044 2552 1154 2621 lumen
1183 2570 1276 2621 vocat
1302 2552 1403 2647 totius

385 2664 534 2753 Europae
553 2662 774 2733 clarissimum
802 2662 873 2755 (ὅ).
906 2666 971 2735 Hic
998 2665 1092 2735 illum
1113 2665 1249 2736 deduxit
1278 2691 1400 2735 novum

385 2778 554 2850 hominem
574 2782 616 2850 ad
632 2782 846 2868 Pontificem,
863 2794 927 2875 quo
947 2802 1119 2875 regnante,
1133 2787 1227 2855 collis
1252 2786 1401 2877 quirina-

385 2894 428 2965 lis
448 2912 595 2966 evaserat
613 2919 672 2965 arx
701 2880 907 2987 sapientiae.
927 2900 1021 2967 Tunc
1041 2899 1135 2969 illum
1164 2900 1319 2969 Pontifex
1338 2923 1400 2969 ex-

385 3012 507 3103 plicata
526 3010 631 3083 fronte
649 3014 785 3099 intueri,
805 3016 972 3106 appellare
991 3017 1244 3099 humanissime,
1264 3041 1402 3106 percun-

381 3127 465 3196 ctari
485 3127 527 3197 de
545 3126 642 3196 rebus
662 3128 776 3213 variis,
796 3129 919 3197 hortari
939 3128 982 3197 ad
1000 3128 1109 3197 studia
1138 3128 1307 3218 impense.
1328 3130 1398 3201 Soa

724 3294 1055 3323 ΜΜΜΜΜΜΜ

425 3436 474 3516 (ι)
496 3435 634 3499 Gioruale
655 3434 704 3498 dei
721 3436 848 3499 letterati
871 3434 992 3500 d'ltslia
1011 3438 1101 3500 Tora.
1131 3438 1248 3500 XXXI
1268 3450 1322 3501 art.
1347 3440 1394 3504 ιδ.

383 3563 449 3627 retr·
472 3546 540 3619 4⁶3·
1149 3585 1154 3595 ·

423 3651 472 3731 (a)
493 3652 527 3709 ln
546 3652 684 3735 supplem.
706 3652 745 3715 ad
764 3656 840 3716 Acta
852 3652 989 3717 eruditor.
1003 3652 1071 3736 lips.
1091 3674 1157 3713 auo.
1181 3674 1251 3735 ¹72¹
1275 3652 1318 3713 Τ.
1333 3652 1395 3715 Vll

380 3778 443 3839 pag.
455 3756 521 3818 518.
532 3758 580 3817 Dc
601 3759 699 3833 eadem
718 3763 929 3823 Dissertatioue
948 3762 1120 3821 mentionem
1140 3760 1211 3821 facit
1225 3759 1393 3838 Hieronymi.

130 3884 179 4010 f
228 3922 236 3937 ‚
379 3861 553 3927 Tirabosoh.
573 3866 667 3927 Storia
687 3865 764 3927 della
783 3868 947 3927 letteratura
973 3866 1091 3925 italiana
1113 3868 1145 3926 P.
1167 3867 1209 3926 111
1232 3864 1254 3927 l.
1272 3864 1302 3927 5.
1320 3882 1347 3923 e.
1368 3885 1399 3931 t.

16 3906 125 4023 astu
149 3944 350 4033 ,nanum
419 3964 471 4049 (s)
489 3968 525 4031 u
542 3968 674 4054 upton
692 3966 731 4035 aa
749 3971 785 4061 r.
802 3934 963 4037 annium
982 3966 1112 4037 cose.
