3259 4959
30 580 53 632 i

452 370 457 377 ·
595 364 745 419 ioannis
763 360 892 421 nutet
1187 344 1255 441 ²4¹

241 480 273 561 ls
303 498 419 576 sponte
447 484 586 576 flagrans
620 484 674 553 his
701 484 846 554 stimulis
876 476 1104 553 vehementius
1130 489 1256 557 exarsit
1391 478 1398 485 ⁴

242 603 426 695 cupiditate
445 600 614 673 discendi.
634 602 706 673 Hac
724 600 905 693 incitatus,
928 598 1256 694 bibliothecas‚qni-

242 716 306 789 bus
333 718 410 789 urbs
438 715 670 803 refertissima,
698 716 813 785 adibat
832 716 991 815 ,saepius
1017 738 1096 783 vero
1124 728 1258 787 casana·

238 852 366 908 tensem
385 837 472 907 inter
481 836 701 907 bibliothecas
720 836 821 905 totius
834 834 952 906 Italiae
970 832 1137 925 principes
1157 833 1254 904 valde

237 952 421 1025 celebrem.

280 1073 413 1143 Accidit
430 1096 490 1164 per
507 1072 590 1142 haec
608 1085 758 1161 tempora
768 1124 779 1157 ,
798 1088 837 1139 ut
854 1070 944 1141 idern
962 1070 1120 1141 Clemens
1138 1066 1254 1161 digni·

233 1186 295 1255 tati
314 1186 463 1255 animum
484 1208 597 1275 parem
618 1206 734 1275 gerens
754 1184 909 1253 eamdem
928 1182 1062 1277 jusserit
1084 1186 1119 1254 in
1143 1182 1252 1277 majo·

233 1320 305 1369 rem
333 1299 577 1392 longitudinem
609 1298 884 1389 splendoremque
902 1299 1050 1367 restitui.
1075 1301 1163 1368 Turn
1180 1300 1253 1369 solo

227 1416 363 1506 aequari
383 1414 534 1483 aedificia
554 1410 720 1504 quaedam
735 1406 1127 1482 minerritanocoenobio
1139 1414 1249 1503 proxi-

229 1556 305 1619 ma,
331 1533 374 1604 ad
404 1532 553 1627 augenda
582 1531 730 1624 ingentia
756 1530 849 1601 illius
865 1530 1090 1601 bibliothecae
1118 1531 1247 1622 spatia.

227 1650 292 1721 llis
315 1648 513 1723 fossionibus
532 1650 699 1723 detectum
718 1674 863 1723 manner
885 1649 969 1720 Isidi
987 1672 1116 1721 sacrum
1126 1702 1138 1737 ,
1156 1648 1247 1743 quod

223 1769 432 1861 praelerebat
448 1771 560 1861 figuris
579 1771 737 1842 distincta
755 1770 1004 1863 elegantissime
1027 1784 1167 1863 quatuor
1191 1769 1244 1840 la·

143 1911 147 1917 ’
223 1901 312 1957 tera.
330 1888 370 1958 Id
388 1889 630 1980 contemplatus
647 1888 791 1961 Joannes
811 1886 965 1979 exposuit
983 1885 1129 1957 breviter
1155 1910 1242 1977 qnae

221 2002 383 2073 sentiret.
403 2004 449 2073 At
475 2018 606 2097 rogatus
625 2026 645 2071 a
671 2001 929 2093 sapientissimis
948 1999 1096 2090 patribus
1115 1998 1242 2069 biblio-

226 2117 527 2210 tbeoaepraefeetis
542 2119 742 2189 sententiam
757 2141 851 2187 suam
865 2115 1017 2186 uberiore
1027 2138 1178 2185 sermone
1190 2140 1245 2186 ex-

220 2230 358 2321 plicuit.
377 2229 434 2300 Sie
451 2228 564 2298 onata
581 2228 691 2299 eidem
707 2230 838 2299 occasio
855 2226 919 2298 l'rrit
936 2250 1017 2298 suae
1044 2227 1255 2297 emditionis·

219 2338 409 2433 prodendae
427 2340 583 2429 opusculo
599 2339 679 2429 illo,
697 2340 786 2435 quod
803 2342 930 2411 Romae
945 2338 1093 2433 prodiit(
1098 2340 1132 2430 1)
1147 2337 1240 2410 diea-

217 2467 291 2525 turn
308 2454 345 2523 F.
364 2452 533 2526 Antonino
548 2452 674 2526 Cloebe
683 2506 694 2545 ,
721 2452 821 2525 totius
840 2452 1073 2527 dominicanae
1089 2451 1239 2525 familiae

220 2566 387 2662 generali.

261 2688 306 2757 Et
335 2686 443 2761 multa
467 2704 503 2759 et
529 2686 623 2761 raris
649 2688 685 2760 ln
710 2687 807 2784 huius
826 2688 950 2787 lapidis
976 2688 1235 2786 explicationem

215 2801 317 2875 Olira
336 2828 378 2876 ex
396 2804 511 2879 abdita
526 2808 723 2903 antiquitate
741 2811 925 2903 congessit.
939 2812 1024 2881 llem
1039 2826 1142 2881 totam
1161 2834 1233 2901 per-

213 2916 295 2991 fecit
319 2924 438 3017 exiguo
455 2926 565 3017 spatio
590 2929 769 3021 temporis,
787 2945 823 2999 et
839 2929 1004 3022 vulgarit.
1023 2928 1105 3024 Ejus
1121 2930 1231 3022 operis

209 3036 388 3113 honorifica
412 3046 539 3117 mentio
567 3046 605 3118 lit
631 3047 674 3117 ab
696 3048 947 3139 ephemeridem
970 3048 1018 3120 rei
1045 3048 1230 3119 litterariae

209 3152 426 3243 scriptoribus
451 3157 539 3250 (2).
567 3162 621 3231 De
647 3162 765 3233 eodem
784 3160 921 3236 effusius
940 3162 1061 3234 eruditi
1087 3161 1228 3255 lipsien-

207 3286 283 3350 δῦθι
300 3288 437 3357 quotum
455 3270 580 3363 judicio
597 3276 787 3347 exhibitum
799 3300 876 3347 ann.
893 3298 991 3370 1720.
1010 3278 1120 3348 Immo
1137 3273 1228 3368 ejus-

209 3379 289 3460 dem
316 3382 411 3475 quasi
430 3410 599 3465 summam
614 3394 809 3481 conficiunt,
832 3411 868 3465 et
884 3418 960 3467 sam
978 3410 1165 3487 proponunt
1182 3396 1229 3465 k-

559 3623 889 3657 mmm„

242 3763 296 3867 ξι)
317 3760 408 3849 aput
426 3762 594 3830 salvianum
611 3766 821 3855 typograplnun
839 3770 1003 3837 muranum
1026 3774 1060 3837 in
1076 3770 1219 3861 Ambigy·

201 3866 312 3943 passio
331 3867 495 3950 Sapientiae
512 3890 581 3931 ann.
603 3892 689 3955 rprp.

219 3974 220 3977 ’
241 3974 294 4065 (a)
311 3972 450 4041 Gismsle
470 3974 520 4136 ὀοὲ
533 3978 659 4043 letterati
677 3978 795 4047 d'ltalia
815 3984 906 4049 Tem.
921 3981 1054 4051 xxxu
1064 4006 1132 4083 pap.
1143 3988 1214 4057 tea.

475 4084 493 4133 l
