3259 4959
425 337 493 414 290
881 315 966 378 stri

417 449 608 524 tereminet
619 446 694 540 ‚qui
715 462 792 518 tone
807 462 955 538 praeerat
972 441 1136 534 parmensi
1158 443 1333 528 eeclesiae,
1347 467 1440 518 eam·

416 589 482 659 que
501 562 648 634 maxime
674 561 830 644 ornabat,
851 557 1117 650 sapientissimus
1134 560 1265 646 praesul
1282 561 1444 639 adeona..

414 703 470 754 tus
488 683 634 767 Turehi,
654 705 720 752 non
750 682 871 750 virtute
898 679 1009 766 minus
1028 674 1222 767 spectabilis
1246 701 1344 767 quam
1372 704 1435 748 au—

418 805 485 873 reis
503 804 636 896 seriptis
646 856 657 889 ,
671 825 710 872 ao
727 801 834 870 solida
865 796 1022 890 religione
1051 795 1267 886 plenissimis.
1287 799 1321 867 Is
1342 796 1433 868 affir-

417 922 533 994 mabat
546 923 680 993 solitum
698 941 735 992 se
754 917 856 989 fuisse
869 917 1029 1012 Jacobum
1047 915 1198 1006 prosequi
1217 913 1335 984 intimo
1355 939 1436 1007 quo.

414 1040 495 1108 dam
514 1034 769 1108 existimationis
789 1049 887 1124 atque
903 1028 1123 1098 venerationis
1143 1051 1255 1114 sensu,
1270 1030 1356 1118 quod
1369 1055 1432 1100 err·

415 1153 534 1222 isaiam
558 1152 716 1242 pietatem
735 1170 809 1216 enm
837 1141 1196 1236 ingenioeonjungeret
1215 1165 1344 1232 prorsus
1375 1167 1430 1212 ra-

351 1308 354 1314 ·
413 1267 501 1354 ror(
509 1266 539 1354 ).
548 1265 589 1334 Id
603 1285 680 1333 eum
699 1261 903 1353 praestitisse
923 1257 1097 1349 apparebit
1114 1281 1156 1328 ex
1175 1259 1246 1349 ejus
1265 1256 1429 1347 moribus,

412 1383 594 1490 dequibus
613 1403 717 1475 paura
736 1402 822 1449 nune
842 1376 999 1450 alferarn.

458 1500 584 1589 Magna
618 1512 689 1566 erat
714 1495 772 1565 illo
800 1495 887 1563 ritae
914 1493 1119 1585 integritate,
1139 1509 1173 1562 et
1200 1490 1424 1581 continentia3

410 1630 446 1682 et
463 1615 614 1704 quamvis
633 1617 770 1683 Parmae
789 1637 863 1682 eum
884 1613 1000 1682 aulicis
1019 1611 1147 1682 tamdiu
1174 1609 1292 1696 suerit,
1311 1612 1426 1683 dome·

414 1727 499 1795 stiee
525 1725 689 1799 cumillis
711 1726 847 1812 vixerit,
870 1727 954 1796 nihil
973 1743 1083 1796 tamen
1104 1726 1138 1794 in
1157 1725 1236 1812 illo,
1254 1728 1341 1818 quod
1360 1727 1427 1796 Aa·

411 1843 479 1919 lam
508 1862 657 1936 saperet.
687 1846 764 1915 Non
792 1861 897 1915 tectus
916 1846 1066 1932 animus,
1085 1869 1150 1914 oon
1170 1845 1263 1914 lictus
1293 1846 1398 1916 vultus
1411 1895 1423 1932 ,

409 1985 475 2044 non
502 1981 654 2050 arrogans
679 1981 809 2028 sermo.
837 1960 987 2030 Noverat
1009 1955 1144 2050 quidem
1170 1981 1205 2028 se
1235 1960 1366 2030 doctum
1386 1977 1424 2030 et

409 2077 724 2166 eruditurn1hal>ori3
745 2076 787 2146 ab
806 2077 886 2147 elati
907 2093 1018 2146 tamen
1049 2077 1289 2164 animasum,
1317 2093 1351 2148 et
1368 2077 1423 2148 sa.

409 2214 463 2267 stu
481 2194 670 2266 abhorruit.
688 2195 765 2264 Non
784 2195 880 2264 illum
909 2192 1029 2264 extulit
1055 2193 1215 2264 honorum
1245 2193 1421 2284 splendor,

409 2335 475 2391 non
505 2312 618 2403 populi
645 2310 813 2397 studium,
847 2335 913 2380 non
944 2308 1036 2382 favor
1058 2310 1272 2403 principum,
1299 2335 1363 2382 nort
1382 2337 1423 2384 o·

406 2429 536 2506 urniutrt
557 2433 689 2522 plausus
708 2430 760 2522 (2)
769 2483 781 2518 ι.

454 2547 494 2614 ln
519 2545 850 2636 deligendis.amicis
877 2543 1029 2636 sapiens,
1048 2543 1082 2614 in
1103 2543 1249 2616 colendis
1278 2547 1423 2637 diligens

406 2654 473 2726 fuit
491 2709 500 2727 .
519 2661 729 2730 Franciscum
751 2663 913 2730 'l'rentunr
933 2659 1092 2730 utinensis
1111 2661 1270 2732 ecelesiae
1297 2680 1420 2732 metros

408 2777 575 2867 politanae
592 2781 786 2850 eanonicam
796 2831 806 2865 ,
823 2779 930 2849 sirum
949 2780 1108 2851 eximium
1123 2833 1133 2865 ,
1146 2797 1179 2850 et
1198 2781 1337 2873 insignis
1351 2783 1425 2874 pie-

407 2896 484 2962 tatis
514 2891 603 2963 fama
631 2893 865 2983 conspicuum,
886 2895 1051 2964 viventem
1074 2893 1310 2982 admiratione,
1330 2919 1419 2966 mor-

407 3025 499 3078 tuom
520 3002 734 3102 prosequutus
764 3029 814 3080 est
834 3012 925 3082 italis
945 3013 1192 3106 epigrammatis
1210 3035 1252 3082 ex
1271 3031 1422 3106 tempore

408 3125 510 3215 fusis,
528 3145 564 3198 et
590 3129 708 3197 intimo
727 3133 841 3202 dolore
860 3132 1040 3222 expressis.
1056 3133 1148 3203 Idem
1168 3129 1318 3202 omnibns
1337 3132 1421 3204 snb-

405 3245 492 3316 sidio
511 3265 599 3338 erat,
618 3248 687 3341 sire
701 3267 867 3340 rogaretur
885 3271 944 3342 per
960 3250 1107 3338 litteras,
1123 3255 1191 3324 sire
1210 3278 1341 3341 coram3
1360 3253 1419 3324 iis·

403 3389 469 3459 que
487 3367 674 3453 indicabat,
692 3355 753 3459 pai
769 3393 853 3463 quae
872 3373 1058 3463 possentin
1079 3374 1196 3442 studiis
1216 3373 1388 3464 progredi.

451 3482 504 3551 De
532 3484 698 3554 communi
728 3483 816 3556 bono
845 3487 1007 3558 sollicitus
1027 3491 1238 3561 vehementer
1266 3489 1417 3576 obstitit,

742 3695 1070 3725 ἊθΜΜΜΜΜἈἏἊ

450 3855 501 3935 (r)
521 3854 711 3920 commentar.
732 3859 781 3920 sit.
799 3879 867 3946 pag.
892 3861 956 3928 r62.

445 3957 496 4041 (2)
519 3959 593 4023 lbid.
612 3983 677 4048 pag.
699 3964 764 4045 154.
