3259 4959
433 379 503 456 556
891 395 976 450 vura

384 528 386 534 ’
435 547 499 608 ne,
517 519 571 592 rel
599 519 728 616 poetico
755 511 904 614 quodam
924 517 1074 589 cantico.
1102 521 1249 612 Magnus
1267 521 1364 594 ardor
1391 549 1454 598 ex·

434 638 586 708 citandos
606 636 899 728 propagandaeque
927 634 1116 704 doctrinae.
1144 632 1212 705 Ubi
1239 636 1364 730 legatus
1383 639 1453 710 dis·

433 755 533 824 cessit
560 751 694 844 publica
721 774 830 820 rerum
862 749 1089 840 procuratione
1111 750 1288 837 absoluta,
1310 753 1346 821 in
1373 755 1451 849 ejus

433 867 547 943 laudes
569 867 648 936 italo
667 865 814 936 aarnrine
831 861 954 935 effusos
972 880 1042 950 est,
1056 865 1144 957 quod
1164 862 1351 959 praeportat
1367 868 1452 939 inti«

438 1013 529 1058 mam
553 985 621 1054 vim
640 1008 795 1077 poeseos.

477 1099 621 1184 Biennio⁸
632 1117 805 1192 postquam
818 1097 945 1168 illuc-se
956 1100 1157 1186 contulerat,
1171 1099 1207 1170 in
1222 1101 1364 1192 patriam
1376 1103 1448 1170 red-

348 1271 353 1280 ·
436 1222 500 1309 iit,
520 1243 606 1290 anno
637 1237 746 1290 autern
775 1218 933 1309 sequent'e
952 1219 1121 1290 Veronam
1141 1219 1240 1311 petiit
1267 1221 1310 1290 ad
1336 1224 1446 1313 Ange-

345 1325 346 1328 *
433 1333 504 1404 lum
532 1339 652 1408 Emum
672 1330 863 1428 generalem
881 1332 957 1425 (uti
976 1333 1133 1427 aiebant)
1150 1334 1393 1424 provedt'torem
1405 1325 1447 1406 'in

434 1456 642 1526 continente.
674 1455 725 1523 lbi
757 1472 902 1523 versatus
932 1471 984 1525 est
1006 1453 1197 1546 aliquandiu
1214 1454 1251 1524 itt
1275 1457 1449 1546 spectatis·

436 1572 514 1642 simi
539 1571 655 1662 ruique
683 1568 904 1639 amantissimi
932 1568 994 1638 viri
1025 1569 1142 1654 domo,
1161 1593 1180 1638 a
1199 1592 1264 1660 quo
1283 1569 1387 1638 multo
1410 1569 1447 1638 in

433 1686 556 1756 bonore
575 1685 723 1754 habitus.
736 1686 828 1752 Duas
847 1682 903 1752 bic
920 1682 1165 1752 dissertationes
1183 1681 1448 1776 emisit(quibus

441 1817 573 1869 auctum
593 1816 626 1868 et
651 1815 865 1890 propagatum
883 1815 934 1866 est
959 1797 1029 1891 ejus
1048 1821 1169 1868 nomen
1182 1801 1214 1888 )r
1232 1821 1332 1869 unam
1356 1797 1444 1868 scilia

435 1932 489 1984 cet
511 1914 553 1983 de
571 1913 777 2004 antiquarum
797 1910 1050 2002 inscriptionum
1076 1928 1174 2004 atque
1188 1913 1446 2006 anaglypbomm

438 2033 657 2119 collectione,
690 2055 773 2124 quae
804 2031 989 2135 continetur
1015 2033 1049 2101 in
1076 2057 1189 2103 museo
1218 2035 1408 2119 veronensi,
1426 2059 1448 2102 a

438 2153 684 2246 sapientissimo
702 2152 864 2248 Maphejo
883 2154 981 2244 paulo
1009 2169 1085 2224 ente
1104 2171 1232 2241 erect03
1251 2153 1385 2223 alteram
1405 2153 1452 2223 de

438 2269 658 2364 pulcritudine
678 2293 812 2360 graecae
842 2270 1012 2364 cujusdam
1041 2267 1266 2360 inscriptionis
1283 2268 1447 2339 ineditae.

435 2389 620 2482 Utrobique
647 2389 788 2459 eruditio
819 2375 1014 2482 multiplex,
1033 2389 1159 2460 eximia
1176 2387 1312 2474 critice,
1338 2391 1453 2482 exqui-

436 2506 499 2577 sita
520 2504 726 2595 antiquitatis
745 2503 885 2575 notitia.
928 2490 932 2494 .
962 2514 964 2518 '
1241 2519 1245 2525 ’

481 2628 524 2695 Et
542 2625 584 2694 ad
608 2624 750 2714 priorem
770 2625 856 2716 quod
877 2624 1016 2710 attinet,
1040 2624 1193 2696 eamdem
1212 2620 1365 2693 bifariam
1393 2619 1451 2689 di-

434 2743 520 2815 vidit
534 2798 545 2832 ,
572 2769 610 2816 to
637 2745 745 2836 ptimo
772 2743 907 2840 quidem
936 2744 1103 2830 ostendit,
1127 2759 1286 2836 quantum
1316 2741 1453 2811 luminis

435 2859 593 2934 historiae
612 2862 747 2932 accedat
764 2858 1032 2951 euantiquitatis
1046 2854 1299 2950 investigatione
1318 2880 1356 2927 au
1382 2872 1453 2926 stu-

437 2977 514 3062 dio;
532 2979 651 3052 deiude
666 2976 802 3068 exponit
818 2975 1020 3066 singularem
1037 2971 1225 3044 veterrensis
1240 2972 1346 3042 sunsei
1362 2994 1456 3062 prae-

435 3089 610 3158 stantiam.
635 3093 749 3178 Itaque
769 3089 1014 3179 comparatione
1041 3087 1194 3158 instituta
1221 3087 1304 3157 inter
1331 3083 1455 3174 physi-

433 3222 507 3274 cam
527 3216 560 3267 et
577 3199 768 3302 historiam,
781 3202 869 3270 iuter
885 3219 1059 3294 utramque
1076 3202 1235 3272 interesse
1252 3196 1334 3269 dicit
1347 3197 1447 3290 quasi

432 3315 611 3405 quamdam
642 3312 858 3386 affinitatem.
886 3318 934 3390 Ut
961 3316 1051 3390 enirn
1075 3315 1233 3408 physicus
1258 3312 1323 3385 niti
1346 3311 1447 3384 debet

432 3431 671 3519 experimentis
695 3447 728 3500 et
746 3429 1029 3502 observationibus
1057 3431 1120 3503 rite
1148 3430 1310 3507 institutis
1338 3429 1372 3498 in
1388 3426 1446 3496 in-

434 3545 612 3637 quisitione
633 3562 787 3635 naturam
818 3546 867 3616 rio
894 3547 937 3618 ad
954 3547 1129 3620 veritatem
1147 3543 1365 3637 detegendum
1391 3541 1450 3614 bl-

434 3661 572 3746 ttorieps
592 3662 639 3730 uti
659 3663 881 3734 monumentis
900 3661 1046 3735 indubiis
1064 3677 1100 3732 et
1116 3659 1314 3752 exploratist

481 3781 574 3852 Haeo
601 3789 711 3852 autern
736 3781 787 3852 vel
814 3779 1022 3855 continentur
1049 3796 1195 3853 veterum
1215 3776 1371 3868 scriptis,
1397 3774 1456 3853 vel

437 3892 665 3984 exprimuntur
683 3892 896 3982 ligurisdarn
916 3917 991 3962 vero
1011 3892 1145 3979 desunt,
1164 3893 1295 3982 inquit,
1315 3912 1380 3958 non
1400 3911 1452 3957 ra-

434 4033 471 4082 ro
489 4007 586 4102 libri,
599 4001 656 4084 aut
675 4033 716 4084 ex
735 4009 882 4103 incuria,
894 4029 952 4088 aut
970 4012 1128 4108 temporis
1149 4009 1364 4086 diuturnitate
1375 4007 1454 4082 cori-
