3259 4959
804 505 964 587 rtur

557 736 853 859 JOANNIS
886 729 1219 858 Bunuerrt

422 1485 611 1642 Joannem
641 1565 834 1638 Brunatinm
863 1563 898 1634 in
918 1563 1039 1656 oppido
1058 1554 1290 1636 Montissilicis
1308 1583 1400 1636 coms

377 1690 470 1780 perio
489 1703 602 1756 natum
620 1687 674 1756 IV
693 1686 782 1755 Nona
801 1685 1008 1755 Decembres
1022 1709 1097 1754 ann.
1115 1701 1218 1776 1711.
1240 1687 1399 1758 Duodea-

377 1805 432 1871 nis
459 1801 546 1870 inter
573 1793 720 1890 patavini
755 1796 935 1867 Serninarii
969 1797 1120 1865 alumnos
1147 1797 1329 1890 excipitur,
1359 1815 1396 1908 ort

377 1912 509 2016 jubetur
542 1916 661 2013 primis
693 1911 929 2008 grammaticae
962 1907 1159 1986 rudimentis
1191 1941 1226 1986 se
1258 1918 1397 1990 (lederet

377 2036 459 2110 Erat
476 2039 511 2106 in
530 2059 569 2106 eo
589 2051 719 2128 praeter
737 2027 943 2106 docilitatem
963 2030 1089 2126 ingenii
1110 2059 1230 2126 magna
1249 2032 1398 2110 discendi

379 2148 538 2240 auiditas,
558 2177 596 2229 aa
616 2154 666 2224 ris
687 2154 890 2240 memoriae,¹
910 2171 1029 2244 exque
1045 2154 1160 2240 fiebat,
1176 2169 1212 2224 ut
1227 2147 1396 2243 celeriter,

321 2311 325 2318 ι
378 2292 464 2360 quae
483 2264 709 2353 traderentur,
731 2267 908 2358 arriperet.
939 2271 1030 2342 Inter
1057 2269 1209 2359 aequales
1229 2271 1401 2358 eminens,

329 2422 332 2428 ·
377 2381 447 2482 iarn
467 2397 538 2458 tun
558 2385 704 2478 aliquant
723 2384 804 2456 lecit
822 2379 1104 2478 exspectationem
1123 2380 1172 2459 sui
1185 2387 1398 2458 ‚Potitiorum

379 2507 564 2580 litteratum
585 2527 681 2576 cursu
701 2507 869 2591 conlecto,
890 2499 1111 2577 Seminarium
1132 2499 1285 2598 reliquitt

413 2625 571 2716 Egressus
584 2641 650 2689 non
666 2621 820 2690 desidem
837 2622 941 2691 vitam
961 2623 1028 2713 egit
1040 2623 1141 2712 (quod
1156 2623 1190 2690 in
1203 2621 1319 2714 juvene
1330 2636 1398 2688 me-

377 2741 578 2831 mentem),
598 2731 657 2810 seri
678 2739 977 2832 praestantissimis
1007 2733 1085 2808 viris
1106 2763 1144 2808 ac
1163 2732 1401 2829 professoribus·

379 2865 456 2921 usus
481 2866 532 2922 est
555 2846 599 2922 erl
626 2855 833 2924 severiorum
855 2837 1103 2944 disciplinarum
1126 2851 1400 2942 intelligentiamr

377 2967 629 3057 Philosophiam
642 2971 771 3060 accepit
786 2995 807 3047 a
827 2971 1140 3062 Verio(r)prirnurn
1153 3025 1161 3054 ,
1175 2993 1252 3040 mox
1269 2995 1286 3038 a
1305 2967 1400 3038 Scla-

378 3098 468 3152 rettn
488 3079 646 3150 canonico
664 3078 900 3153 Montissilicis
917 3087 990 3174 (2),
1008 3087 1248 3156 Mathematica
1268 3097 1398 3174 quoque

380 3193 543 3280 excoluit,
563 3194 598 3262 in
618 3193 736 3284 primis
755 3213 866 3264 autem
887 3191 1091 3290 theologica}
1111 3191 1146 3267 in
1175 3191 1243 3270 illio
1263 3197 1400 3288 quidem

378 3320 556 3398 praeeunte
574 3302 640 3377 sibi
658 3310 785 3378 Joanne
803 3310 946 3396 Poleno,
966 3311 1001 3381 in
1030 3314 1082 3382 his
1108 3337 1184 3382 vero
1208 3311 1399 3402 Hyacinthe

378 3423 499 3518 Serry,
526 3438 561 3497 et
587 3451 662 3498 ann.
699 3427 786 3525 1734
813 3429 849 3499 itt
877 3455 969 3500 sacro
999 3431 1222 3526 theologorum
1250 3421 1401 3520 Collegio

721 3656 1052 3694 mumma*

420 3800 471 3881 (ι)
490 3794 570 3866 Virlc
588 3793 649 3880 ejus
670 3795 760 3862 vitam
779 3825 845 3885 pag.
867 3803 915 3884 75.

419 3906 470 4001 (α)
491 3904 570 3976 Vide
588 3903 651 3988 ejus
671 3905 761 3967 vitant
779 3926 846 3989 pag.
868 3903 940 3970 252·
