3259 4959
401 392 468 492 184
864 393 950 462 itali

396 566 534 615 moenae
553 538 836 611 deambulationes
856 562 931 609 eum
951 532 1152 619 avocabant,
1180 558 1245 603 non
1272 517 1424 609 sociales
1472 558 1476 567 ’

396 657 553 749 temporis
567 654 703 725 fallendi
719 654 823 746 gratia
836 666 1013 721 conventus
1023 702 1033 735 ,
1045 673 1110 718 non
1128 652 1334 740 spectacula,
1345 679 1410 723 non

395 772 563 842 convivia.
590 769 644 839 Ad
662 768 843 838 domestica
860 764 1029 855 quaelibet
1045 763 1137 834 idem
1163 761 1271 835 officia
1294 789 1408 857 prom·

393 906 489 980 ptus,
516 884 632 956 ceteris
660 882 787 974 praeire
815 879 987 969 exemplo,
1017 902 1076 947 aua
1098 900 1247 969 quaeque
1274 904 1408 951 munera

395 998 650 1093 diligentissime
668 995 759 1065 obire
768 1048 779 1082 ,
797 994 884 1063 nihil
904 989 1077 1083 defugere,
1096 992 1202 1062 immo
1220 1015 1292 1061 sese
1310 992 1404 1063 labo·

396 1120 486 1189 ribus
511 1118 596 1186 ultro
615 1112 752 1184 offerre.

440 1236 497 1306 Bis
516 1256 644 1326 quoque
663 1256 749 1301 anno
768 1254 809 1299 ex
829 1229 981 1297 instituto
999 1226 1176 1297 Seminarii
1194 1227 1339 1317 patavini
1357 1226 1407 1322 ju‘-

395 1348 514 1418 bentur
528 1345 654 1416 alumni
666 1345 819 1413 secedere
832 1366 891 1432 per
903 1342 973 1410 dies
990 1340 1115 1431 aliquot
1125 1342 1160 1409 in
1171 1342 1313 1432 seipsos,
1327 1359 1360 1411 et
1373 1367 1408 1413 a·

392 1468 521 1537 niumm
536 1488 686 1535 exercere
703 1462 921 1532 meditatione
936 1459 1220 1530 aeternorumNe
1232 1475 1403 1531 externum

396 1602 588 1676 quaereret,
602 1584 643 1655 ad
654 1582 689 1652 id
707 1607 742 1651 se
756 1583 872 1651 ducem
886 1594 1044 1671 persaepe
1061 1578 1213 1651 exhibuit
1230 1578 1331 1649 etiam
1345 1604 1414 1669 poa,

394 1706 527 1775 stremis
543 1703 637 1774 annis
649 1702 801 1793 AEgidius
816 1700 993 1773 seminarii
1012 1698 1307 1785 moderatori‚sola
1323 1721 1407 1768 mer·

392 1820 472 1889 cede
487 1818 609 1888 laboris
634 1816 872 1907 molestiaeque
892 1814 1078 1905 proposita.
1095 1817 1135 1884 ln
1150 1838 1214 1905 quo
1224 1814 1403 1904 plurimum

394 1932 606 2024 proficiebat,
618 1932 787 2021 alloquens
805 1929 941 2022 juvenen
958 1928 1058 2019 plana
1069 1928 1247 2017 quidemst
1264 1926 1405 1996 naturali

341 2082 345 2089 ·
392 2047 531 2131 ratione,
542 2046 600 2114 sed
613 2043 741 2115 animos
751 2043 876 2113 utiliter
892 2042 1076 2113 affluente:
1090 2041 1239 2137 juvenes,
1247 2042 1406 2131 inquam,

393 2159 562 2249 alloquens
580 2158 644 2227 sibi
658 2158 804 2251 cognitos
812 2206 825 2245 ,
836 2174 871 2227 et
887 2156 1031 2229 eximiae
1043 2155 1171 2225 virtutis
1186 2155 1315 2247 penitus
1331 2180 1408 2223 con.

388 2281 494 2364 scios,
513 2301 598 2369 quae
626 2302 668 2348 ea
687 2277 760 2368 ipsa
778 2277 924 2370 corporis
942 2276 1053 2370 specie
1079 2275 1224 2347 emicans
1251 2274 1407 2365 capiebat

390 2393 443 2464 vel
461 2394 609 2483 ignotos,
629 2390 782 2483 injiciens
801 2392 885 2483 ipsis
909 2392 1154 2463 venerationem
1173 2391 1244 2461 sui.

438 2506 533 2577 Idem
553 2504 717 2597 siquidem
737 2503 899 2597 benignus
920 2507 954 2574 in
973 2526 1109 2591 omncs,
1132 2508 1168 2575 in
1194 2529 1230 2575 se
1252 2530 1404 2596 severus3

390 2623 563 2715 indulgens
581 2623 736 2693 omnibus
754 2624 861 2715 quoad
883 2640 1221 2715 poterat,numquam
1240 2624 1305 2706 sibi
1316 2653 1327 2712 3
1339 2623 1404 2715 pri·

391 2740 494 2809 vatim
514 2736 641 2824 lacilis,
662 2738 793 2828 publice
813 2739 941 2830 gravis3
956 2737 1115 2830 religione
1132 2739 1259 2824 solida,
1274 2764 1336 2808 non
1356 2737 1404 2807 lu-

325 2940 327 2948 Α
393 2868 645 2938 cota3sermone
664 2850 830 2941 simplici,
850 2850 983 2941 ingenio
1001 2869 1134 2943 aperto,
1146 2853 1293 2923 moribus
1305 2853 1404 2944 plane

390 2968 558 3057 antiquis.
581 2970 677 3039 Nihil
698 2968 773 3037 novi
802 2970 872 3059 pati
898 2984 1050 3059 poterat,
1070 2969 1247 3048 Seminarii
1275 2970 1404 3061 legibus

391 3084 525 3153 omnino
533 3084 682 3155 addictus
692 3138 702 3171 ,
712 3088 763 3155 vel
776 3086 989 3157 minimarum
1000 3086 1265 3157 servantissimus
1275 3137 1285 3155 .
1294 3092 1405 3177 Quem

389 3222 464 3267 cum
483 3198 650 3283 riderem,
670 3191 805 3269 videbar
824 3200 909 3270 milri
933 3200 1054 3270 intueri
1072 3200 1188 3270 solidis
1215 3200 1401 3273 lineamen-

388 3312 431 3382 tis
451 3336 640 3403 erpressam
661 3314 840 3403 quamdam
858 3315 1039 3407 imaginem
1063 3315 1223 3407 pristinae
1250 3318 1401 3410 discipli·
1474 3358 1478 3363 ·

386 3448 448 3495 nac
469 3428 541 3496 ali.
563 3426 719 3519 Gregorio
740 3427 920 3497 Barbadico
947 3429 982 3497 in
1012 3429 1075 3499 hoc
1097 3429 1319 3500 Seminarium
1346 3431 1400 3499 in-

384 3555 497 3611 vectae
507 3570 517 3629 3
527 3564 625 3633 quem
638 3556 815 3633 propterea
829 3558 1018 3633 prosecutus
1030 3568 1103 3615 sum
1121 3545 1401 3637 multislacrymis

385 3655 578 3733 abeuntem.

431 3776 547 3864 Abiit,
571 3780 694 3868 (liceat
712 3782 822 3853 lucris
840 3784 905 3854 ista
928 3785 1089 3877 digressio
1118 3786 1154 3857 in
1177 3786 1309 3857 laudern
1336 3784 1399 3854 lro-

383 3893 504 3981 minis,
522 3894 574 3967 cui
592 3922 647 3968 me
674 3900 726 3969 vel
749 3902 897 3972 maxime
923 3902 1120 3977 obstrictum
1140 3904 1273 3996 fateor.)
1292 3906 1395 3995 abiit,

378 4012 436 4107 ¹qui
454 4036 508 4085 me
527 4038 665 4108 puerum
683 4020 834 4113 excepit,
862 4020 920 4113 qui
948 4045 1003 4095 sne
1028 4022 1148 4117 primis
1177 4022 1298 4093 imbuit
1319 4025 1399 4095 reli.
1455 4072 1459 4077 .

1611 2133 1619 2262 l

1610 2271 1619 2444 l
