3259 4959
499 304 539 355 rr.
557 301 710 357 moun
729 304 943 357 munstar
1176 292 1240 385 273

220 426 357 501 fondere
377 426 563 513 nitebatur,
582 444 616 498 et
634 429 771 501 ulterius
795 452 1008 525 promerere.
1026 430 1157 525 lleligio
1186 459 1242 505 so·

217 545 309 633 lida,
327 546 387 619 sed
413 546 511 642 longe
534 546 647 619 aberat
666 573 686 619 a
706 548 862 623 tristitia.
882 554 1004 621 Laetus
1022 552 1080 619 ille
1102 553 1157 623 uel
1184 552 1239 624 in·

221 684 273 739 ter
290 682 339 739 tot
357 666 534 739 senectutis
554 690 593 737 ae
612 668 779 740 solitariae
798 669 886 741 ritae
905 670 1098 741 molestius.

265 780 384 873 Neque
403 781 512 853 minor
530 776 727 873 frugalitatis
747 782 819 853 laus
834 807 874 855 ac
893 782 1149 875 temperantiae.
1164 784 1238 853 Ma·

220 923 286 993 gne
305 900 341 969 in
360 899 452 971 omni
481 899 550 969 rita
577 898 781 986 moderatio,
809 923 930 994 magna
957 899 1106 970 bominis
1133 898 1238 969 abeti-

217 1016 353 1105 nentia,
371 1016 456 1089 hano
476 1016 587 1109 prodit
614 1016 704 1089 illius
723 1018 851 1089 incuria
880 1018 917 1089 in
935 1016 1149 1089 custodienda
1178 1039 1240 1107 pe-

220 1136 317 1207 cunia
327 1189 338 1224 ,
349 1136 455 1210 animi
468 1134 688 1227 tranquillitas
705 1134 742 1206 in
758 1136 830 1232 ejus
847 1136 992 1231 jactura,
1006 1136 1097 1227 larga
1111 1135 1146 1205 in
1159 1156 1239 1227 pau·

217 1272 342 1347 peres,
370 1253 560 1345 cultumque
589 1254 787 1345 templorum
815 1270 949 1348 erogatu
979 1252 1145 1337 subsidia,
1163 1268 1236 1325 tum

219 1364 362 1460 denique
373 1366 458 1438 sacri
477 1364 617 1452 reditus,
631 1390 770 1459 quorum
789 1366 866 1437 aliis
883 1368 957 1457 ipse
974 1364 1061 1435 ultro
1076 1387 1149 1435 sese
1163 1386 1236 1453 spo·

217 1486 332 1570 liavit,
350 1484 433 1555 ulios
448 1485 611 1555 reeusarit
628 1482 886 1571 oblatos,enixe
906 1484 1100 1575 episcopum
1119 1481 1238 1553 edber-

156 1662 161 1673 .
218 1618 324 1687 tatus,
343 1616 379 1671 ut
397 1599 531 1671 eosdem
551 1598 682 1671 aliisae
702 1601 808 1695 magis
834 1600 967 1695 dignis,
988 1598 1160 1693 magisque
1188 1596 1239 1667 in·

219 1718 408 1811 eligentibus
427 1720 630 1813 impertiret.

260 1838 409 1929 longum
432 1854 520 1909 esset
537 1838 683 1935 singulas
705 1836 776 1935 ejus
796 1838 911 1927 dotes,
930 1838 1100 1929 animique
1127 1835 1235 1907 virtu·

216 1966 266 2021 tes
284 1972 495 2021 enumerare.
516 1952 593 2023 Non
613 1952 730 2025 tacebo
749 1970 862 2023 tamen
882 1951 924 2021 de
943 1952 1033 2022 illius
1050 1949 1235 2036 modestia,

216 2088 301 2155 quae
327 2064 363 2134 in
389 2082 458 2137 tam
485 2065 643 2135 honorato
668 2081 703 2133 et
721 2064 842 2135 illustri
867 2066 938 2135 viro
956 2063 1081 2133 eximia
1100 2086 1233 2154 prorsus

218 2200 257 2246 ae
276 2200 378 2267 prope
397 2177 551 2247 beroiea.
576 2176 637 2245 llle
659 2198 839 2265 numquam
861 2174 1100 2265 propemedum
1129 2175 1171 2244 ‹le
1196 2196 1235 2245 se

217 2290 323 2382 loqui.
339 2290 376 2363 Si
395 2291 526 2384 quando
544 2290 586 2361 de
604 2290 693 2383 ipso,
713 2291 766 2362 vel
785 2292 827 2361 de
846 2289 919 2387 ejus
942 2290 1097 2383 operibus
1123 2314 1235 2364 sermo

219 2404 400 2491 incideret,
414 2403 458 2474 ab
477 2404 595 2477 eedem
609 2404 721 2475 statim
743 2405 795 2479 vel
808 2404 928 2477 mutari
940 2422 975 2475 et
991 2403 1166 2497 abrumpi,
1180 2404 1234 2479 rel

216 2544 282 2597 non
302 2522 375 2594 sine
394 2538 585 2617 contemptu
604 2524 694 2595 lieri.
715 2524 787 2597 Sibi
808 2524 839 2595 is
857 2548 973 2595 carere
990 2547 1121 2614 semper
1138 2521 1182 2595 ab
1200 2548 1235 2593 o

217 2634 372 2723 mnibus,
391 2658 476 2728 quae
503 2636 540 2707 in
566 2637 618 2707 sui
646 2637 778 2709 laudem
797 2655 935 2729 possent
952 2636 1155 2725 redundare;
1184 2636 1234 2709 its

216 2768 353 2840 tamen,
371 2770 409 2825 ut
431 2754 467 2827 id
494 2778 537 2827 ex
561 2756 760 2851 negligentia
777 2758 910 2849 potius,
928 2780 1028 2847 marn
1056 2777 1099 2825 ex
1125 2752 1232 2827 animi

128 2920 141 2953 ,
216 2868 443 2941 moderatione
462 2869 621 2961 proticisci
638 2854 820 2941 ¹rideretur.
834 2871 1003 2944 Virtutem
1018 2892 1118 2958 unarn
1132 2890 1231 2961 quae

215 2981 327 3069 rebat,
351 3007 416 3054 non
432 2983 565 3055 laudem
583 2983 859 3077 splendoremque
886 2984 1039 3055 virtutis.
1059 2982 1147 3053 Hine
1170 2976 1230 3054 ills
1325 3031 1328 3035 -

216 3096 364 3182 nullam,
383 3096 450 3167 nisi
469 3114 623 3182 coactus,
642 3098 862 3171 eruditionem
882 3096 1076 3169 ostendere:
1095 3120 1161 3167 non
1176 3096 1231 3167 lit·

216 3222 394 3278 tenatorum
413 3208 585 3281 hominum
610 3212 881 3284 consuetudinem
905 3209 1077 3297 affectare,
1095 3234 1162 3280 non
1190 3209 1231 3279 ti·

217 3319 303 3389 tulos
322 3341 360 3389 ae
378 3343 497 3391 nomen
520 3348 696 3415 quaerere,
712 3348 777 3395 non
797 3324 938 3395 aliorum
957 3325 1154 3396 comitatum
1172 3323 1230 3396 ad·

216 3438 369 3525 mittere,
392 3431 478 3508 odeo
505 3451 544 3510 ut
562 3438 729 3533 plerique,
756 3439 876 3531 quibus
899 3466 1040 3535 magnos
1056 3441 1143 3515 viros
1166 3464 1227 3536 per

215 3548 436 3626 ambitionem
453 3550 633 3624 aestimare
650 3578 723 3624 mos
744 3566 815 3649 est,
833 3553 907 3624 viso
935 3568 1132 3648 aspectoque
1149 3558 1228 3627 Tri-

216 3671 338 3747 velleto
345 3725 357 3760 ,
369 3682 566 3765 quaererent
571 3670 701 3761 ferretum
704 3726 716 3762 ‚
725 3671 828 3765 ponci
839 3673 1137 3767 interpretarentur
1151 3676 1227 3770 (r).

556 3819 888 3850 mmmmm

257 3926 307 4015 p)
328 3926 453 3995 raetia
469 3928 504 3995 n
523 3928 582 3995 ve·
599 3930 672 3997 run
685 3878 883 4019 agnene'e.
901 3936 954 4014 40.
972 3933 1051 3998 cue·
1067 3880 1173 4002 aaa.
1282 3902 1289 3925 '
