3259 4959
589 356 703 424 aarum
722 348 882 404 raccrom
1174 329 1244 404 515

226 497 265 550 ut
282 479 396 551 lirim
414 477 487 570 ipae
505 497 541 546 se
559 474 707 566 aperiat;
726 497 791 564 qua
819 469 996 542 substituto
1012 468 1164 564 eiusdem
1193 470 1243 542 ai-

229 599 447 692 gnilioationie
467 595 624 668 vocabulo
632 646 643 679 ,
658 594 759 664 modo
777 592 844 662 alia
862 591 976 662 rocula
991 593 1161 684 apposita,
1176 617 1246 664 mo.

230 713 273 784 do
292 715 382 784 varia
399 712 540 783 leetioae
558 710 699 778 tradita.
718 705 821 776 iniis
841 728 933 792 vero,
945 729 1029 798 quae
1048 708 1247 798 explicatio·
1322 747 1325 756 ·

229 855 306 902 nem
325 833 507 926 longiorem
530 829 721 922 postulant,
740 827 821 896 itale
840 827 964 918 gemit,
982 843 1137 920 utquam
1164 853 1247 920 pau.
1312 901 1315 910 ,

231 950 377 1020 eiaaimie
396 950 690 1040 complecteretur,
710 946 796 1039 quod
815 947 897 1014 satis
915 961 1023 1016 emet.

274 1069 415 1158 Quotiea
440 1068 479 1138 id
506 1085 674 1158 praestare
692 1065 829 1156 nequit,
848 1063 955 1134 fontes
982 1062 1142 1148 indicans
1158 1065 1247 1136 unde

229 1187 301 1258 erui
320 1189 454 1277 eopiosa
469 1188 611 1258 eruditio
628 1184 732 1275 possit
743 1235 752 1252 .
763 1183 935 1252 Maximus
954 1199 1064 1252 autern
1083 1182 1196 1270 labor,
1211 1199 1249 1254 ut

230 1300 291 1372 ille
309 1303 381 1388 ait,
400 1303 437 1372 in
451 1303 599 1373 indicem
621 1300 846 1372 adornandum
868 1299 1037 1389 impensus
1051 1297 1134 1386 fuit,
1148 1323 1248 1393 quem
1314 1359 1321 1372 .

230 1431 266 1484 et
283 1414 432 1505 pluribus
456 1415 555 1486 rebus
574 1414 666 1483 auxit
689 1413 764 1505 (r),
783 1429 818 1482 et
836 1437 855 1482 a
875 1412 987 1483 multia
1006 1413 1170 1486 erroribus
1193 1439 1250 1486 ex·

232 1533 400 1624 purgavit.
419 1537 459 1604 In
477 1557 518 1604 eo
540 1533 686 1624 denique
706 1547 862 1602 tolerent
885 1531 919 1600 in
943 1531 1146 1622 praefatione
1166 1532 1249 1604 sori-

235 1663 291 1736 pta
315 1671 379 1714 non
403 1664 514 1716 tamen
533 1647 646 1733 edita,
667 1661 703 1715 ut
721 1647 825 1716 XVII
847 1646 957 1737 capita
975 1647 1072 1716 Livio
1089 1647 1253 1734 vindioet,

234 1786 319 1853 quae
339 1780 508 1856 tamquam
528 1763 760 1856 supponititia‚
779 1779 813 1833 et
833 1763 956 1835 aLivii
975 1764 1109 1854 ingenio
1128 1766 1250 1836 abhor-

235 1877 342 1948 rentia
362 1880 610 1950 remendiniana
634 1879 740 1950 editio
758 1878 802 1950 ab
825 1878 942 1948 eodem
962 1880 1098 1948 omnino
1118 1879 1251 1972 abjudi-

235 2008 311 2061 cat.
336 1992 399 2060 Hia
417 1993 571 2063 omnibus
588 2010 703 2063 auctus
724 1992 850 2084 prodiit
872 1993 986 2064 Livias
1010 2015 1053 2062 ex
1072 1993 1251 2066 seminarii

237 2108 385 2198 patavini
395 2110 484 2198 typis
498 2132 575 2177 aon.
589 2110 686 2195 1751.
702 2105 862 2174 Triennio
872 2122 946 2196 poet
961 2105 1080 2176 iisdem
1095 2108 1185 2200 typis
1198 2133 1256 2181 ex..

234 2249 333 2294 curua
352 2223 416 2292 fuit
432 2225 605 2294 Cornelius
625 2223 739 2316 Nepos
759 2219 909 2314 ejusdem
927 2225 953 2292 F
955 2223 1071 2292 aeeioli
1089 2224 1252 2309 industria

236 2340 438 2425 illustratus,
453 2342 510 2433 qui
530 2342 573 2410 de
585 2364 622 2409 ae
633 2340 707 2410 'aiez
718 2340 901 2432 aPleraque
913 2392 924 2425 ,
934 2340 1059 2434 inquit,
1074 2365 1094 2412 a
1108 2343 1253 2418 Cellario

238 2487 257 2524 n
277 2457 568 2544 murmuremus,
594 2460 638 2530 ab
663 2459 739 2530 aliis
757 2460 815 2530 rix
840 2458 1021 2554 quidquam
1045 2462 1251 2553 carpsimus,

238 2606 258 2640 n
275 2577 316 2645 de
334 2593 446 2647 nostro
465 2580 605 2670 paucula
624 2579 787 2670 quaedam
806 2578 998 2650 addidimus
1017 2581 1074 2670 (a)
1091 2611 1110 2646 n
1131 2634 1139 2650 .
1158 2583 1256 2654 Anno

242 2693 389 2763 tamdem
422 2697 507 2784 1762
526 2693 676 2764 indidem
694 2696 810 2762 Petrus
831 2695 966 2783 protulit
984 2697 1020 2763 P.
1041 2695 1156 2764 Ovidii
1169 2697 1252 2770 Nes.

240 2810 329 2880 Faot.
347 2807 512 2886 libroaVI
522 2862 533 2894 ‚
548 2807 651 2878 Trirt.
671 2808 753 2880 vet
765 2808 817 2878 IV
836 2807 878 2876 de
897 2809 991 2876 Pont.
1005 2808 1057 2878 Ad
1071 2805 1253 2882 faciliorem

240 2949 318 2994 vero
345 2950 518 3017 puerorum
550 2926 806 3020 intelligentiam
840 2925 1005 2999 breviores
1042 2927 1253 3000 animadver-

240 3037 350 3107 aionea
378 3039 455 3110 hoie
472 3039 612 3112 editioni
630 3040 773 3136 adjecit,
790 3063 832 3112 ea
859 3063 952 3127 ema,
975 3058 1013 3110 rt
1034 3063 1141 3133 neque
1156 3043 1253 3136 eopia
1295 3134 1297 3139 ,

241 3158 518 3248 molestantem,
536 3184 643 3254 neque
669 3161 839 3234 omitteret
860 3158 1064 3233 necessaria.
1088 3158 1256 3234 Libellum

243 3287 357 3342 autem
385 3274 422 3342 in
440 3274 515 3344 Ibin
525 3327 536 3361 ,
552 3275 612 3368 qui
630 3301 706 3346 eum
736 3273 1017 3370 praecedentibus
1034 3274 1127 3368 jungi
1147 3275 1259 3366 eolat,

245 3409 312 3457 nou
335 3389 463 3480 attigit,
484 3394 571 3482 quod
589 3401 666 3464 eum
688 3396 880 3486 explicandi
902 3394 937 3464 in
956 3393 1079 3464 aoholia
1093 3416 1170 3464 usus
1188 3418 1256 3466 non

245 3501 292 3584 ait
301 3555 313 3590 ,
331 3525 374 3573 ex
392 3504 498 3575 nimia
515 3504 698 3577 fabularum
713 3523 747 3576 et
764 3507 978 3578 historiarum
993 3521 1139 3580 veterum
1155 3506 1256 3586 abun«

583 3712 910 3750 *mmmmm

238 3946 244 3958 ,
292 3878 398 3960 (1)1n
417 3877 537 3962 praelat
559 3900 613 3945 ma.
629 3876 840 3946 adintona.

295 3987 346 4065 (2)
368 3986 501 4052 lbideru.
