3259 4959
378 293 449 371 35²
853 308 938 358 arna

381 442 491 512 nates.
508 437 707 513 Utilissimia
725 433 821 505 libris
838 433 904 502 sibi
923 433 1121 502 instruxerat
1138 421 1408 529 bibliothecamJ

380 558 424 630 iis
443 557 657 649 praesertim,
675 553 732 645 qui
760 554 929 621 continent
947 550 1153 636 amoeniora,
1173 555 1215 623 ad
1234 579 1318 646 quae
1337 584 1402 630 na.

380 692 453 747 tura
479 697 657 766 propensus
681 669 744 739 tuit
761 693 865 760 usque
892 669 934 738 ad
964 669 1118 738 ultimum
1140 671 1226 740 vitae
1246 691 1401 766 tempus.

378 790 456 865 Fuit
474 786 607 879 ingenio
623 810 688 856 non
707 786 813 854 solum
834 781 1021 874 praeclaro,
1035 782 1205 854 sedetiam
1227 804 1313 858 reete
1328 790 1398 859 cul-

382 917 437 990 to;
457 901 617 971 memoria
641 900 753 985 firma,
771 911 806 966 et
834 893 1135 968 accuratissimam
1162 899 1316 970 omnibus
1342 903 1400 973 di-

382 1019 540 1112 ligentia.
1139 999 1142 1006 ’
1299 1087 1301 1090 .

411 1133 475 1203 His
486 1131 664 1202 accedebat
681 1152 784 1198 novus
804 1128 958 1219 splendor
968 1125 1010 1197 ab
1024 1127 1095 1222 ejus
1110 1131 1274 1202 moribus·
1291 1137 1343 1206 De
1357 1160 1396 1204 se

300 1341 306 1348 ἡ
381 1247 527 1317 demisse
545 1245 691 1316 sentiens
706 1244 849 1313 libenter
866 1260 1104 1314 commemorat
1122 1241 1157 1312 in
1176 1245 1244 1314 suis
1265 1248 1396 1337 scriptis

382 1365 424 1434 de
444 1348 583 1433 aliorum
610 1364 758 1448 dotibus,
781 1385 902 1452 easque
925 1361 1070 1432 extollit.
1091 1362 1238 1432 Minime
1265 1364 1397 1442 invidus

380 1476 532 1547 inserviit
550 1477 690 1548 aliorum
711 1476 854 1568 gloriae,
874 1479 1051 1565 eorumque
1071 1476 1197 1544 studuit
1218 1502 1396 1570 propagare

381 1613 441 1682 per
469 1608 564 1682 typos
592 1614 728 1658 nomen.
749 1590 827 1659 Piua
854 1589 926 1679 ipse
946 1606 981 1658 et
1000 1589 1166 1658 litteratus
1185 1588 1226 1660 ad
1241 1594 1398 1681 pietatem

383 1721 418 1772 et
439 1706 563 1774 cultum
584 1704 768 1772 litterarum
788 1702 892 1771 voluit
910 1718 1103 1792 susceptum
1124 1701 1227 1772 filium
1247 1704 1397 1776 institui.

273 1811 277 1816 ⁵
381 1824 478 1912 Quae
505 1837 582 1891 eunt
609 1821 798 1912 religionis,
819 1821 971 1912 religiose
991 1820 1178 1892 exercebat.
1199 1819 1277 1915 Ejus
1303 1848 1398 1895 amo-

381 1961 455 2022 rem
476 1953 644 2028 tamquam
665 1958 708 2004 ex
727 1933 816 2004 sonte
835 1935 987 2004 hauserat
1006 1958 1048 2004 ex
1067 1957 1229 2006 sacrarum
1250 1937 1400 2028 Scriptu-

382 2079 491 2126 rarum
508 2055 621 2140 libris,
643 2078 780 2146 quorum
803 2054 903 2124 lectio
922 2054 1032 2124 cidem
1058 2070 1129 2124 erat
1154 2071 1316 2145 postremo
1342 2057 1397 2126 vi-

382 2185 436 2241 tae
457 2187 603 2259 tempore
621 2166 815 2238 familiaris.
836 2168 923 2238 Hinc
941 2168 1119 2258 quaerebat
1134 2191 1216 2238 suae
1234 2172 1394 2240 senectuti

382 2286 519 2356 solatia.
540 2287 666 2376 Magna
685 2285 788 2354 animi
818 2286 970 2374 vitaeque
991 2283 1195 2354 moderatio.
1216 2288 1325 2376 Quare
1352 2287 1396 2356 il-

382 2403 455 2475 lum
475 2426 589 2473 omnea
609 2403 825 2475 verebantur.
847 2402 1011 2474 Patientia
1031 2425 1107 2470 vcro
1127 2403 1270 2474 eximia.
1293 2408 1396 2475 Num-

382 2540 483 2609 quam
512 2519 642 2588 auditue
669 2518 824 2608 conqueri
853 2513 893 2586 de
923 2515 970 2584 rei
1008 2512 1181 2586 familiaris
1216 2517 1397 2607 angustia,

382 2662 564 2732 numquam
591 2638 633 2709 de
660 2637 755 2723 aliie,
783 2659 867 2730 quae
890 2635 955 2728 ipsi
973 2636 1161 2706 acciderant
1184 2639 1291 2705 minus
1320 2660 1397 2727 pro-

382 2781 498 2849 opera.

429 2876 540 2963 Atque
568 2889 604 2942 ut
635 2871 769 2942 lucerna
796 2869 921 2940 emittit
940 2868 1046 2964 majus
1065 2869 1199 2956 lumen,
1222 2885 1399 2961 antequam

383 2988 628 3078 exstinguatur,
646 2990 696 3058 sie
714 2990 820 3062 evasit
839 2990 908 3082 ejus
936 2990 1093 3078 patientia
1120 2989 1238 3062 clarior
1262 2989 1321 3059 sub
1351 2983 1414 3056 fi.‘

384 3125 462 3174 uetn
481 3079 588 3170 ritae.
603 3104 769 3191 Integrum
784 3103 1037 3192 quadriennium
1058 3120 1242 3173 constanter
1258 3100 1397 3192 pertulit

385 3246 424 3290 ae
443 3219 570 3288 fortiter
588 3219 739 3288 morbum
758 3221 1005 3312 gravissimum,
1021 3247 1119 3313 quem
1146 3223 1258 3292 dieunt
1287 3229 1399 3297 larna-

386 3335 532 3419 -lr'asmc
549 3333 693 3404 tamdem
714 3336 830 3404 eodem
850 3359 1023 3427 oppressus
1042 3325 1163 3407 occidit
1182 3337 1217 3408 V
1234 3337 1307 3408 Cal.
1330 3339 1398 3406 De-

385 3451 534 3521 cembres
562 3455 888 3547 ann.179lq‚tertio
918 3472 953 3524 et
980 3455 1177 3547 octogesimo
1197 3456 1284 3526 vitae
1315 3478 1396 3524 suae

384 3567 454 3664 jam
473 3570 652 3660 completo.
666 3573 792 3642 Horum
804 3574 946 3664 plurima
959 3593 1088 3665 regatus
1100 3572 1232 3666 scripsit
1246 3572 1399 3668 ejusdem

387 3683 492 3770 lilius,
512 3684 547 3752 in
566 3685 720 3774 patavino
738 3687 923 3757 Seminario
951 3704 985 3758 et
1003 3689 1075 3780 ipse
1092 3688 1281 3773 institutus,
1309 3711 1400 3756 nunc

381 3801 418 3874 in
436 3800 505 3895 ejus
521 3802 630 3873 locum
648 3799 820 3875 suffectus.
839 3808 906 3898 Qui
922 3807 1022 3899 patrii
1042 3806 1186 3878 muneris
1206 3805 1300 3876 heres
1320 3821 1372 3878 est
1382 3855 1399 3892 ,

383 3917 447 3989 erit
464 3918 611 3991 aemulus
631 3935 666 3991 et
684 3919 833 3996 uirtutis.
1020 3932 1024 3938 '
1212 3916 1216 3922 ’
