3259 4959
621 381 771 434 rotnnn
790 357 918 436 onrrtt‘
1202 363 1271 454 247

256 519 360 574 tntum
378 499 467 571 lrnne
493 496 529 567 in
553 495 753 590 colloquium
778 495 961 567 adhibebat
987 493 1060 590 (1).
1085 495 1273 577 canonicus

258 622 482 714 Hieronymus
510 619 551 689 de
580 619 748 690 silvestris
766 619 903 698 consilli
926 641 1050 708 nepos,
1069 617 1120 690 vir
1146 621 1277 713 etipse

259 741 439 813 admodum
467 738 612 811 emditns
630 738 765 809 Olivam
793 737 910 808 habuit
938 761 1058 828 magno
1085 736 1122 812 in
1148 741 1276 829 pretio:

256 875 408 950 quaeque
435 855 494 929 ills
511 855 687 946 scripserat
705 854 840 924 florento
867 867 991 937 aetatu,
1018 852 1194 943 postremis
1222 877 1277 922 an-

255 951 328 1059 nis,¹
343 989 381 1057 ut
405 974 518 1069 pulcra
535 971 723 1065 quaelibet,
742 973 920 1063 diligenter
936 971 1103 1059 sorvabat,
1121 972 1279 1064 quemad·

258 1087 395 1169 modurn
424 1087 499 1178 ipse
524 1083 667 1155 affirmet
693 1085 818 1161 io'suis
837 1083 1104 1174 annotationibus
1128 1085 1171 1154 ad
1202 1086 1278 1176 epi-

257 1203 361 1272 stolas
379 1200 479 1280 italas
507 1197 685 1278 Faeniolati
704 1199 778 1288 (2).
795 1197 940 1278 ,lacobus
956 1198 1147 1276 Jaeohettus
1166 1199 1279 1291 ipsum

254 1316 364 1387 adhue
382 1314 536 1407 juvenem
554 1312 709 1396 Aoelanis
727 1311 922 1405 proposuit,
941 1327 979 1380 ut
997 1310 1084 1402 apud
1102 1334 1158 1382 eos
1177 1313 1277 1402 profi-

257 1447 380 1501 teretur
399 1431 435 1499 in
450 1429 563 1508 schola
582 1429 717 1532 publiea
739 1429 814 1529 (ὅ),
842 1428 953 1506 Etiam
972 1426 1114 1500 lacobus
1141 1430 1278 1500 Faenio·

257 1549 344 1624 latus
363 1547 427 1617 luit
445 1547 515 1643 ejus
534 1546 641 1630 fautor
661 1549 731 1640 (4),
750 1547 915 1628 Antonius
936 1546 1158 1622 Vallisnerius
1176 1547 1278 1617 editis

256 1662 481 1733 monumentis
499 1663 702 1745 clarissimus
720 1685 781 1754 per
802 1661 979 1752 epistolam
998 1661 1128 1754 aperuit
1140 1661 1192 1731 illi
1207 1662 1278 1732 ndi·

254 1787 327 1858 tum
356 1778 401 1850 od
426 1776 620 1848 Loncisium
645 1775 815 1870 (5).-Hio
834 1777 969 1856 Olivam
993 1774 1113 1855 habuit
1143 1775 1280 1846 conosi.

199 1971 205 1979 ⁴
251 1915 366 1980 ruurn,
385 1905 420 1974 et
430 1890 567 1973 admisit
580 1889 624 1974 ad
640 1891 798 1971 interiore
816 1890 1019 1983 consiliaffi)
1031 1911 1192 1982 ,eumque
1212 1889 1274 1964 do-

251 2010 439 2093 ctissimum
458 2027 491 2080 et
509 2010 773 2092 eruditissimum
791 2010 899 2091 virum
917 2026 1011 2090 votat
1029 2010 1064 2086 iu
1082 2009 1275 2083 meteorolo-

253 2125 327 2214 gioa
345 2125 386 2210 de
405 2125 577 2208 Dioscuris
591 2124 835 2213 disputatione,
848 2147 948 2212 quam
965 2123 1030 2212 ipsi
1050 2125 1171 2202 mittit.
1187 2126 1275 2216 Apo·

251 2237 356 2314 stolus
374 2240 481 2304 Zenns
499 2234 626 2334 passim
644 2235 681 2316 in
706 2234 959 2325 ephemeridem
982 2234 1076 2316 libris
1100 2237 1211 2327 ample
1239 2255 1275 2308 et

252 2352 433 2425 honorifice
451 2352 493 2421 de
510 2354 660 2438 Joonne,
673 2377 817 2444 eumque
835 2371 872 2422 ut
884 2353 1068 2436 litteratum
1086 2354 1166 2428 uiris
1182 2375 1276 2424 corn-

256 2465 394 2537 tuendat
416 2467 571 2536 litteratis
590 2468 664 2557 (7).
676 2467 841 2538 Antonius
861 2468 1008 2550 tamdem
1027 2467 1068 2547 do
1087 2467 1276 2550 comitibus

253 2579 394 2664 Joonnis
411 2581 631 2664 emditionem
660 2581 792 2666 extollit
820 2581 991 2686 adipsum
1009 2579 1179 2675 seribens3
1208 2583 1276 2677 glo-
1396 2655 1397 2658 ,

597 2815 930 2858 ΜΜΜἮΜ

293 2957 344 3036 (ι)
365 2955 456 3019 Oliva
476 2957 509 3030 irs
528 2954 591 3037 ejus
609 2956 692 3019 vita.

292 3061 342 3138 (a)
360 3059 477 3136 Lotters
495 3056 607 3120 erudite
626 3060 677 3120 cit.
697 3079 765 3144 pag.
781 3061 831 3124 to.
853 3075 913 3124 not.
934 3064 966 3125 6.

241 3205 245 3218 .
292 3167 341 3243 (ὅ)
358 3167 447 3242 Oliva
465 3166 496 3240 iu
517 3166 641 3248 quadum
659 3168 779 3250 epistola
797 3168 837 3230 ad
857 3189 901 3232 oo.
923 3145 1090 3234 Camillum⁸
1107 3170 1144 3250 de
1172 3173 1271 3240 Silve-

248 3267 317 3336 ttrir
336 3281 469 3342 contenta
488 3269 520 3329 in
537 3283 640 3345 veneta
658 3269 848 3357 pellectione,¹
869 3291 942 3353 quae
957 3271 1130 3354 ¹inscribitur
1148 3277 1272 3361 Episto-

255 3370 666 3452 Mowmm·

294 3471 343 3551 (4)
365 3471 480 3544 Lepore
501 3470 679 3548 eruditedel
698 3472 856 3545 Facoiolati
876 3473 904 3534 al
924 3493 968 3542 eo.
1000 3475 1152 3542 Camillo
1172 3481 1271 3547 Silve-

252 3575 305 3640 stri
323 3597 389 3661 pag,
409 3575 459 3638 36.
479 3590 540 3638 uot.
559 3577 590 3638 6.

292 3685 342 3766 (5)
363 3686 399 3756 ln
428 3684 513 3766 epist
540 3678 580 3763 ad
604 3685 743 3763 lentorem
771 3686 929 3770 praemissu
948 3687 1175 3774 interpretationi
1195 3713 1267 3756 ans·
1367 3707 1382 3746 '-

281 3787 368 3872 ypni.

250 3787 343 3971 8¹(6)
361 3889 451 3954 Oliva
469 3890 502 3952 in
520 3893 579 3956 line
598 3893 676 3955 ritae
696 3893 845 3958 Laneisii.

292 3993 344 4085 (7)
363 3994 479 4056 Lsttere
497 3983 568 4064 Vol.
586 3997 631 4058 111
648 4017 714 4080 pog-
734 4019 784 4063 22·
803 3997 881 4064 della
899 4000 980 4066 uitat.
1000 3999 1074 4070 etia.
1198 4043 1200 4046 ·
