3259 4959
449 363 656 576 Miramur
684 491 906 589 Hieronymus
931 487 1030 568 Card.
1063 493 1190 588 optime
1211 493 1324 568 sensit
1349 496 1407 570 de
1435 497 1500 570 M,

448 621 592 691 Antonio
611 617 756 688 Ferratio
777 615 833 688 35.

494 739 676 810 casimirus
695 737 728 806 S.
749 732 935 804 castitatem
953 731 1130 801 colentium
1150 748 1313 823 patronus
1333 729 1401 822 24.

495 857 632 928 Ceratas
651 855 845 926 Dominicus
863 852 989 924 Semin.
1007 851 1158 921 alumnus
1177 869 1213 920 et
1227 851 1495 921 architecturae

448 973 487 1045 P.
507 975 667 1066 professor
685 975 764 1046 566.

493 1097 630 1165 Ceratas
654 1093 775 1162 Paulus
802 1089 838 1160 in
865 1087 1036 1182 publicum
1059 1106 1309 1184 praeseptoretn
1339 1084 1487 1161 Patavii

420 1251 425 1260 ·
447 1212 580 1306 eligitur
602 1209 680 1300 146.

492 1325 674 1396 Clericatus
703 1321 847 1396 Joannes
870 1321 913 1392 iis
943 1321 1244 1394 Seminariensibus
1264 1322 1479 1416 praeficitur,

450 1437 505 1529 qui
525 1437 560 1506 in
580 1437 796 1507 concionandi
816 1452 886 1505 arte
905 1433 1160 1505 instituebantur
1176 1436 1234 1513 36.

491 1555 611 1625 Clerici
640 1557 774 1648 quinam
802 1554 837 1624 ia
871 1555 1091 1626 Seminarium
1124 1555 1401 1646 exciperenturat
1433 1555 1474 1626 B.

446 1673 603 1766 Gregorio
627 1699 687 1760 ro,
707 1675 762 1766 34.
783 1675 811 1744 Ii
832 1675 1060 1746 tantummodo
1078 1675 1181 1744 saeris
1199 1676 1375 1746 ordinibus
1401 1673 1475 1745 ini·

445 1788 611 1857 tiabantur
622 1839 632 1871 ,
648 1809 784 1877 qnorum
806 1813 913 1857 mores
932 1807 966 1858 et
985 1788 1130 1859 doctrina
1150 1789 1311 1880 Gregorio
1329 1815 1472 1880 perspe-

247 1899 250 1908 ’
334 1987 336 1995 Ι
444 1919 498 1975 eta
535 1925 585 1977 ιο.
606 1905 776 1990 Quaenam
806 1903 995 1972 eorumdem
1020 1903 1231 1994 quotidianae
1258 1902 1471 1991 disciplinae

440 2023 609 2100 institutio
628 2019 710 2092 ibid.
732 2024 863 2111 Quanta
880 2022 915 2090 in
934 2022 976 2092 iis
990 2021 1159 2092 urbanitas
1177 2035 1212 2090 et
1231 2023 1402 2092 modestia
1424 2048 1479 2095 re.

447 2140 637 2234 quirebatur
670 2165 722 2211 ιι.
752 2137 947 2234 Cuiusmodi
978 2141 1013 2210 in
1033 2163 1089 2210 eos
1108 2139 1259 2231 Gregorii
1277 2164 1357 2209 eura
1383 2141 1474 2214 dum

443 2259 652 2329 tacadonum
688 2275 835 2350 tempore
862 2259 1048 2330 seminario
1075 2259 1212 2330 aberant
1234 2257 1285 2329 13.
1317 2261 1472 2350 Quando

444 2373 482 2444 in
499 2373 718 2444 Seminarium
732 2374 858 2466 regredi
878 2389 1068 2466 cogerentur
1087 2368 1169 2444 ibid.
1183 2373 1383 2446 Domestica
1398 2376 1470 2445 uie·

446 2486 585 2558 riuorum
614 2487 822 2578 congregatio
852 2487 887 2557 in
914 2489 1100 2558 Seminario
1128 2503 1251 2558 statuto
1270 2490 1328 2561 25.
1347 2491 1410 2560 De
1428 2489 1472 2562 Β.

451 2602 600 2694 Gregorii
621 2603 655 2671 iu
676 2603 811 2671 clericos
833 2603 1055 2704 munificentia
1074 2601 1131 2691 42.

490 2719 733 2790 Concordiense
751 2720 975 2820 Seminarium
990 2724 1033 2793 ad
1051 2721 1199 2815 patavini
1218 2745 1377 2792 normam
1396 2745 1472 2796 ete«

443 2849 534 2905 otum
555 2835 611 2908 63.
1127 2848 1132 2861 ·

488 3063 776 3140 Daudinus‘iiere.
805 3067 997 3142 Franciscus
1024 3069 1197 3165 magnifico
1215 3067 1392 3162 pmetiiuat
1426 3069 1471 3150 do

444 3179 706 3256 institutionibus
726 3191 841 3278 logicis
860 3187 1037 3262 Facciolati
1060 3198 1136 3284 124.

488 3297 622 3367 Danetii
644 3299 772 3370 lexicon
788 3302 918 3373 criticas
936 3305 1040 3376 subiit
1059 3304 1367 3376 animadversiones
1385 3303 1468 3376 Fau·

442 3399 553 3480 uiolati
577 3413 651 3488 126.
754 3467 758 3476 .

486 3529 684 3602 Dioeceseos
707 3533 929 3606 conditionem
948 3533 1168 3609 Seminarium
1188 3533 1270 3608 iacit
1293 3542 1329 3613 6.

487 3647 667 3719 Doleonius
685 3655 712 3722 F
713 3656 876 3724 rauciacus
894 3683 914 3728 a
932 3656 1127 3731 Sebastiano
1143 3662 1312 3730 Franzorto
1324 3653 1467 3732 funebri

445 3763 592 3834 oratione
615 3765 765 3838 laudatus
788 3770 865 3861 142.

485 3994 628 4091 Eulipsie
645 3999 724 4070 solis
743 4017 777 4072 et
793 4002 891 4076 lunae
908 3884 1040 4099 pogesioa
1058 3999 1237 4101 desoriptio
1254 4003 1340 4102 ²75·
