3259 4959
430 333 499 428 402
894 334 981 402 vrrs¹

431 475 561 558 virum,
587 463 646 542 sed
673 468 884 540 orientalium
912 466 1088 562 praecipue
1111 450 1298 560 bagueram
1321 464 1453 545 notitia

427 593 615 678 celebrem,
633 607 668 661 et
686 607 763 662 tunc
781 589 815 661 in
844 587 1030 662 seminario
1056 591 1214 680 patavino
1236 611 1347 661 earum
1369 612 1454 684 pro·⁷

431 707 611 794 fessoreru,
630 706 683 778 cui
703 704 848 797 plurima
865 727 941 774 cum
959 701 1131 774 cardinali
1149 703 1348 776 necessitas.

475 823 594 914 Neque
612 819 666 888 his
684 835 813 890 tanturn
829 815 949 890 Toaldi
963 814 1105 886 eruditio
1118 815 1319 906 continetur3
1334 817 1448 889 etiam

430 941 474 1012 ad
493 941 560 1012 alia
578 936 786 1010 extenditur.
806 937 948 1030 Scripsit
973 933 1160 1030 siquidem:
1180 928 1252 1004 Del
1264 935 1451 1030 passaggio

344 1155 346 1160 Ι
429 1056 469 1132 di
485 1054 647 1128 Annibale
662 1069 723 1148 per
740 1053 763 1125 l’
773 1054 985 1148 Appennino,
1003 1079 1024 1124 e
1041 1051 1135 1124 della
1152 1051 1282 1124 marcia
1298 1051 1345 1124 da
1366 1077 1447 1124 esso

419 1171 517 1266 fallo
531 1195 592 1266 per
610 1167 645 1240 la
666 1169 841 1239 Tuscanar
863 1165 930 1240 iles
956 1167 1039 1240 haec
1056 1184 1091 1240 et
1109 1193 1130 1237 a
1147 1167 1288 1259 Polybio
1314 1169 1448 1240 deseri.

426 1287 518 1362 bitur
545 1305 580 1360 et
597 1313 618 1360 a
634 1285 749 1360 litias
770 1287 835 1358 Hic
850 1287 892 1358 de
910 1285 1038 1360 duobus
1056 1285 1209 1372 dissent,
1226 1311 1312 1380 prae
1334 1287 1451 1380 ipsius

427 1408 552 1504 judicio
571 1423 647 1480 sunt
666 1407 773 1478 adhuc
791 1405 930 1478 obscura
947 1423 982 1478 et
1000 1423 1228 1478 controversa.

473 1527 572 1622 Quod
591 1527 708 1598 viatori
727 1551 826 1619 saepe
846 1525 1024 1620 repungit,
1037 1541 1075 1597 ut
1091 1524 1150 1596 ubi
1168 1525 1269 1596 linern
1286 1520 1447 1616 sperabat

426 1645 575 1734 itineris,
595 1645 644 1717 ibi
670 1671 772 1716 novas
800 1646 985 1738 provincias
1015 1643 1148 1738 detegat
1173 1644 1443 1736 perlustrandas3

426 1757 518 1831 idem
538 1758 622 1829 milri
642 1757 753 1830 evenit
768 1759 866 1853 hujus
880 1783 980 1851 opera
998 1759 1196 1830 recensenti.
1214 1757 1379 1829 Prodeant
1395 1781 1444 1827 ex

425 1880 502 1951 aliis
521 1879 607 1966 alia,
626 1895 660 1949 et
678 1902 762 1950 nova
781 1880 960 1970 pessimae
978 1879 1140 1953 offerunt:
1170 1878 1248 1949 libri
1257 1932 1269 1964 ,
1288 1878 1444 1952 disserta·

402 2055 404 2060 ,
426 1999 553 2083 tiones,
572 1996 754 2090 epistolae.
773 1998 827 2066 De
845 1996 900 2066 bis
917 1997 1072 2088 loquatur
1089 1995 1300 2082 academiae,
1318 2011 1352 2066 et
1368 2020 1446 2066 eru-r

423 2119 514 2190 ditae
531 2115 770 2210 ephemerides,
790 2117 901 2203 italae,
920 2117 1442 2209 transalpinae,a1naneas.sed

422 2231 506 2309 baec
525 2235 707 2322 sufficiant,
732 2259 775 2304 ne
797 2235 928 2329 longius
957 2236 1116 2328 producta
1143 2235 1259 2308 lectori
1284 2234 1319 2306 in
1341 2235 1440 2307 lasti-

423 2357 517 2430 dium
537 2356 678 2445 abeant3
697 2357 892 2447 praesertim
920 2380 996 2426 cum
1025 2355 1168 2447 plurima
1188 2355 1223 2425 in
1247 2355 1364 2426 eadem
1384 2381 1443 2428 ve-

422 2475 523 2568 stigia
541 2473 726 2545 incurrant.
744 2473 979 2546 Transcribam
998 2475 1147 2570 singula,
1166 2474 1224 2545 nbi
1244 2473 1287 2546 ad
1309 2475 1439 2547 exitum

421 2613 491 2664 rent
512 2592 869 2684 perduxero-Interim
889 2593 931 2664 ad
950 2617 1080 2680 mores,
1099 2593 1141 2664 de
1159 2592 1280 2686 quibus
1298 2616 1423 2683 pauca.

469 2713 573 2782 Erant
599 2707 690 2778 illius
718 2730 784 2775 non
813 2705 942 2794 hesta,
959 2710 1019 2780 scd
1049 2708 1158 2780 inusta
1181 2708 1270 2778 notis
1288 2706 1440 2778 veritatis

422 2850 538 2900 aenea.
570 2825 669 2898 Nihil
695 2825 850 2919 cuiquam
881 2825 1034 2898 assentiri
1064 2825 1181 2896 solitus
1209 2825 1252 2896 ad
1275 2826 1438 2919 gratiam,

424 2965 519 3012 auam
538 2941 737 3012 sententiam
756 2941 898 3034 ingenue
916 2939 1122 3032 proferebat.
1145 2937 1358 3011 Afficiebatur
1380 2940 1442 3010 de-

421 3053 543 3123 siderio
562 3054 688 3138 laudis,
707 3078 772 3123 non
792 3054 926 3125 sordido
942 3053 1100 3148 obsequio
1118 3069 1283 3137 extortae,
1297 3052 1355 3121 sed
1371 3053 1442 3123 vir-

421 3187 491 3242 tute
511 3185 641 3262 partae.
665 3171 767 3242 Suum
787 3171 943 3264 cupiebat
968 3175 1146 3244 extendere
1169 3195 1288 3243 nornen
1313 3167 1436 3242 lacus.

418 3285 507 3360 Hinc
527 3285 670 3379 plurima
689 3307 730 3355 ex
749 3285 812 3372 iis,
830 3311 916 3379 quae
944 3289 1138 3380 scripserat,
1168 3287 1289 3358 obtulit
1314 3287 1438 3357 acade-

419 3400 517 3487 miis,
542 3401 664 3474 iisdem
693 3401 841 3473 maxime
869 3401 1040 3474 addictus.
1073 3403 1199 3492 Magna
1223 3401 1438 3474 obseruantia

420 3519 524 3589 caluit
542 3521 628 3591 viros
646 3521 808 3594 litteratos
818 3577 830 3610 ,
848 3547 869 3594 a
891 3522 1012 3616 quibus
1038 3538 1073 3593 et
1101 3523 1175 3615 ipse
1198 3522 1303 3590 multo
1321 3519 1355 3589 in
1373 3521 1445 3592 bo«

421 3655 501 3707 ttore
520 3633 672 3726 habitus,
692 3638 735 3710 ab
753 3639 824 3710 illis
842 3639 966 3724 etiam,
984 3637 1042 3731 qui
1060 3663 1158 3731 supra
1181 3654 1308 3710 ceteros
1329 3635 1437 3707 scien-

420 3757 467 3827 tia
486 3756 653 3845 eminent,
672 3776 706 3830 et
723 3760 883 3832 scientiae
902 3758 1011 3831 fama.

462 3874 596 3946 Studuit
624 3873 774 3967 impense
803 3876 973 3946 societatis
1002 3874 1109 3945 bono.
1140 3874 1251 3965 Atque
1277 3872 1362 3943 lianc
1384 3867 1436 3938 oh

416 4015 551 4068 musam
569 3991 742 4086 inprimis
768 3991 883 4064 florere
908 3989 1045 4089 optabat
1061 3989 1240 4085 aurigandi
1268 4003 1373 4061 artem
1398 4000 1438 4060 ct
