3259 4959
375 316 444 393 250ss
854 323 936 377 vm

360 414 469 540 *Quorl
487 467 566 516 eane
585 439 724 516 mirum.
740 441 820 511 Erat
836 433 925 508 enim
938 435 1051 532 ‚major
1065 433 1293 531 octogenario,
1314 461 1392 514 cnm

370 566 419 637 ita
445 563 597 655 scripsit.
626 560 821 631 Prodierunt
847 557 929 630 haee
960 581 1003 627 ex
1027 556 1116 648 regia
1146 560 1312 650 parmensi
1342 579 1398 651 ty.

369 683 552 775 pographie
570 677 662 775 iussu
680 679 786 772 ipsius
811 677 1010 754 Ferdinandi
1040 675 1198 748 Borbonii
1227 677 1319 757 ducis
1329 727 1340 766 ‚
1358 679 1397 750 in

373 799 535 873 Iacobum
553 797 606 871 vel
625 794 669 869 ab
683 811 790 871 aetate
809 793 918 888 prima
940 789 1116 886 propensi.

421 915 533 986 Venio
551 937 638 987 nunc
656 911 700 984 ad
717 934 831 983 sacra.
850 909 969 982 Latino
989 929 1139 980 sermone
1158 906 1318 998 explicuit
1344 909 1398 982 vi·

373 1043 442 1100 tam
463 1029 500 1097 ll.
517 1027 644 1111 rotelli
662 1024 859 1118 Puppiensis
874 1043 916 1094 ex
933 1022 1047 1094 ordine
1060 1020 1170 1094 Vallis
1189 1023 1395 1110 Umbrosae,

374 1172 515 1238 eamque
539 1145 664 1231 dicarit
690 1143 896 1216 eminentiss.
916 1141 1034 1214 Carolo
1053 1142 1151 1216 Carrl.
1183 1141 1399 1230 tezzanico,

374 1276 445 1331 turn
463 1260 665 1351 patavinae,
683 1273 758 1350 post
784 1277 915 1328 summo
935 1258 1035 1328 totius
1055 1255 1224 1328 Ecclesiae
1248 1257 1371 1346 pastori
1388 1309 1398 1330 .

377 1381 429 1452 ed
448 1380 533 1450 hane
551 1373 760 1451 scribendam
774 1376 974 1446 hortatorem
990 1371 1107 1449 habuit
1119 1371 1180 1464 (ut
1192 1369 1311 1464 fatemr
1325 1377 1398 1466 ipse

376 1492 411 1564 in
440 1491 580 1584 epistola
608 1489 650 1563 ad
675 1488 860 1580 lectorem)
891 1488 1108 1580 spectabilem
1132 1488 1324 1580 episcopum
1353 1511 1398 1564 ex

379 1607 496 1676 eadem
516 1600 667 1688 familia,
693 1625 758 1700 qua
785 1603 836 1672 vir
863 1601 998 1672 beatus.
1026 1601 1074 1676 Eo
1095 1625 1191 1694 porro
1217 1601 1400 1694 elegantiae

378 1720 486 1788 nitore
506 1739 587 1792 usus
606 1734 683 1806 est,
701 1734 738 1788 ut
757 1718 907 1796 videatur
926 1741 1004 1816 prae
1021 1719 1125 1790 oeulis
1144 1716 1299 1793 habuisse
1318 1723 1401 1818 Cor-

380 1839 510 1916 nelium
532 1838 734 1930 Nepotem(
761 1839 796 1927 ).

427 1955 546 2026 Vitam
562 1959 693 2046 quoque
711 1951 877 2031 Pulcherii
897 1951 1075 2024 sacerdotis
1093 1975 1136 2028 ex
1154 1951 1316 2026 Societate
1342 1957 1404 2028 Je.

382 2093 441 2157 su,
453 2068 510 2159 qui
529 2068 723 2160 sanguinem
741 2090 800 2158 pro
820 2067 978 2158 religione
995 2066 1201 2160 profuderat,
1215 2072 1402 2162 expositam

383 2187 524 2279 hispana
543 2188 656 2278 lingua
682 2187 849 2279 eleganter
875 2187 975 2256 vertit
1001 2185 1036 2257 in
1060 2187 1194 2274 italam,
1222 2200 1258 2257 ut
1284 2189 1404 2282 pietati

383 2307 446 2376 viri
463 2305 590 2382 nobilis
609 2306 815 2382 satisfaceret
835 2308 849 2396 (
874 2307 907 2398 ).

268 2421 272 2426 ’
436 2425 664 2498 tetrasemo
690 2422 958 2498 dissertationem
989 2422 1169 2500 admodum
1198 2425 1404 2518 ingeniosam

387 2535 517 2630 jamdiu
536 2540 700 2630 vulgatam
719 2540 815 2610 Utini
837 2563 911 2610 cunr
924 2541 984 2612 hoo
1003 2541 1144 2612 titnlom
1162 2542 1408 2624 Dellaesisten-

384 2687 403 2720 o
417 2681 455 2724 za
475 2657 510 2726 di
528 2656 596 2728 Dio
615 2660 668 2729 tla'
680 2659 816 2729 teoremi
845 2659 1036 2752 geometrici
1057 2661 1299 2736 dimostratae.
1322 2663 1408 2734 Scri-

388 2775 455 2864 psit
479 2775 581 2846 etiam
601 2777 642 2846 de
662 2778 728 2848 Dei
752 2795 787 2851 et
813 2777 990 2856 Beatorum
1010 2779 1164 2852 incaelis
1194 2781 1407 2870 aeremitate3

387 2890 474 2959 unde
494 2911 632 2984 apparet
652 2889 753 2965 fuisse
771 2893 882 2966 eidem
902 2896 1037 2965 omnino
1055 2894 1186 2989 cognite
1205 2895 1258 2966 vel
1286 2896 1405 2970 intima

388 3026 500 3072 sacrae
522 3006 708 3097 theologiae
727 3009 929 3098 penetralia.

435 3114 571 3207 Aliquot
588 3133 761 3208 praeterea
788 3143 956 3190 sermones
976 3145 1085 3192 sacros
1113 3119 1267 3214 reliquit,
1287 3133 1321 3190 et
1347 3143 1405 3192 sa-

388 3260 460 3305 cras
477 3239 690 3330 panegyricas
702 3240 884 3327 orationes,
899 3241 1018 3332 quibus
1038 3265 1102 3311 non
1116 3243 1256 3312 delectat
1275 3253 1406 3314 tantum

391 3366 425 3416 et
443 3350 557 3439 docet,
578 3351 637 3421 eorl
657 3351 758 3421 etiam
779 3371 912 3424 movet.

435 3467 790 3544 Funebrem‘tamdem
819 3473 1001 3545 orationem
1030 3470 1148 3545 habuit
1167 3471 1203 3546 in
1222 3471 1315 3546 obitu
1341 3471 1408 3548 Al-

737 3703 1071 3736 ΜΜἈΛΜΜΜΜ

384 3877 390 3898 «
434 3843 485 3922 (r)
505 3841 698 3904 commentar.
719 3844 769 3906 cit.
791 3865 856 3928 pag.
877 3847 928 3925 46.

434 3947 484 4026 (2)
504 3944 580 4006 thid.
598 3966 664 4029 pag.
689 3947 753 4010 156.
