<?xml version="1.0" encoding="UTF-8"?>
<!DOCTYPE html PUBLIC "-//W3C//DTD XHTML 1.0 Transitional//EN"
    "http://www.w3.org/TR/xhtml1/DTD/xhtml1-transitional.dtd">
<html xmlns="http://www.w3.org/1999/xhtml" xml:lang="en" lang="en">
 <head>
  <title>
</title>
<meta http-equiv="Content-Type" content="text/html;charset=utf-8" />
  <meta name='ocr-system' content='tesseract 3.04.00' />
  <meta name='ocr-capabilities' content='ocr_page ocr_carea ocr_par ocr_line ocrx_word'/>
</head>
<body>
  <div class='ocr_page' id='page_1' title='image "./vitaevirorumill00ferrgoog_0183.png"; bbox 0 0 3259 4959; ppageno 0'>
   <div class='ocr_carea' id='block_1_1' title="bbox 574 345 1248 426">
    <p class='ocr_par' dir='ltr' id='par_1_1' title="bbox 574 345 1248 426">
     <span class='ocr_line' id='line_1_1' title="bbox 574 345 1248 426; baseline 0.013 -8"><span class='ocrx_word' id='word_1_1' title='bbox 574 365 697 418; x_wconf 76' lang='lat' dir='ltr'>utcosr</span> <span class='ocrx_word' id='word_1_2' title='bbox 715 362 926 423; x_wconf 66' lang='lat' dir='ltr'>eiceretur!</span> <span class='ocrx_word' id='word_1_3' title='bbox 1181 345 1248 426; x_wconf 78' lang='lat'>135</span> 
     </span>
    </p>
   </div>
   <div class='ocr_carea' id='block_1_2' title="bbox 223 480 1241 702">
    <p class='ocr_par' dir='ltr' id='par_1_2' title="bbox 223 480 1241 702">
     <span class='ocr_line' id='line_1_2' title="bbox 274 480 1241 578; baseline 0.001 -20"><span class='ocrx_word' id='word_1_4' title='bbox 274 485 542 560; x_wconf 81' lang='lat' dir='ltr'>AEtetenondum</span> <span class='ocrx_word' id='word_1_5' title='bbox 561 501 714 578; x_wconf 81' lang='lat' dir='ltr'>provecta</span> <span class='ocrx_word' id='word_1_6' title='bbox 725 537 737 573; x_wconf 88' lang='lat'><em>,</em></span> <span class='ocrx_word' id='word_1_7' title='bbox 750 483 904 555; x_wconf 87' lang='lat' dir='ltr'>utebatur</span> <span class='ocrx_word' id='word_1_8' title='bbox 916 480 1105 555; x_wconf 87' lang='lat' dir='ltr'>valetudine</span> <span class='ocrx_word' id='word_1_9' title='bbox 1123 506 1241 577; x_wconf 82' lang='lat' dir='ltr'>petum</span> 
     </span>
     <span class='ocr_line' id='line_1_3' title="bbox 223 600 1241 702; baseline 0 -24"><span class='ocrx_word' id='word_1_10' title='bbox 223 631 381 702; x_wconf 84' lang='lat' dir='ltr'>prospera</span> <span class='ocrx_word' id='word_1_11' title='bbox 394 660 402 673; x_wconf 91' lang='lat'>.</span> <span class='ocrx_word' id='word_1_12' title='bbox 416 601 502 682; x_wconf 68' lang='lat' dir='ltr'>‘Erat</span> <span class='ocrx_word' id='word_1_13' title='bbox 523 606 576 682; x_wconf 84' lang='lat' dir='ltr'>itti</span> <span class='ocrx_word' id='word_1_14' title='bbox 594 607 690 676; x_wconf 86' lang='lat' dir='ltr'>dolor</span> <span class='ocrx_word' id='word_1_15' title='bbox 706 603 826 696; x_wconf 78' lang='lat' dir='ltr'>capitis</span> <span class='ocrx_word' id='word_1_16' title='bbox 845 600 1036 692; x_wconf 79' lang='lat' dir='ltr'>familiaris3</span> <span class='ocrx_word' id='word_1_17' title='bbox 1055 601 1241 678; x_wconf 73' lang='lat' dir='ltr'>afflictaba-</span> 
     </span>
    </p>
   </div>
   <div class='ocr_carea' id='block_1_3' title="bbox 129 717 1244 3608">
    <p class='ocr_par' dir='ltr' id='par_1_3' title="bbox 129 717 1244 1612">
     <span class='ocr_line' id='line_1_4' title="bbox 223 717 1244 805; baseline 0.003 -14"><span class='ocrx_word' id='word_1_18' title='bbox 223 739 277 792; x_wconf 89' lang='lat' dir='ltr'>tur</span> <span class='ocrx_word' id='word_1_19' title='bbox 301 721 487 799; x_wconf 84' lang='lat' dir='ltr'>identidem</span> <span class='ocrx_word' id='word_1_20' title='bbox 513 720 618 792; x_wconf 84' lang='lat' dir='ltr'>etism</span> <span class='ocrx_word' id='word_1_21' title='bbox 647 718 815 805; x_wconf 85' lang='lat' dir='ltr'>febribus,</span> <span class='ocrx_word' id='word_1_22' title='bbox 841 741 884 788; x_wconf 87' lang='lat' dir='ltr'>ex</span> <span class='ocrx_word' id='word_1_23' title='bbox 909 717 1036 804; x_wconf 86' lang='lat' dir='ltr'>nimia,</span> <span class='ocrx_word' id='word_1_24' title='bbox 1059 733 1099 790; x_wconf 87' lang='lat' dir='ltr'>ut</span> <span class='ocrx_word' id='word_1_25' title='bbox 1122 717 1244 794; x_wconf 79' lang='lat' dir='ltr'>fatetur</span> 
     </span>
     <span class='ocr_line' id='line_1_5' title="bbox 222 831 1244 926; baseline 0 -18"><span class='ocrx_word' id='word_1_26' title='bbox 222 835 314 926; x_wconf 83' lang='lat' dir='ltr'>ipse,</span> <span class='ocrx_word' id='word_1_27' title='bbox 333 835 370 906; x_wconf 89' lang='lat' dir='ltr'>in</span> <span class='ocrx_word' id='word_1_28' title='bbox 386 835 517 905; x_wconf 77' lang='lat' dir='ltr'>litteras</span> <span class='ocrx_word' id='word_1_29' title='bbox 534 833 748 909; x_wconf 70' lang='lat' dir='ltr'>contentione</span> <span class='ocrx_word' id='word_1_30' title='bbox 759 832 815 924; x_wconf 87' lang='lat' dir='ltr'>(r)</span> <span class='ocrx_word' id='word_1_31' title='bbox 826 883 836 906; x_wconf 90' lang='lat'>.</span> <span class='ocrx_word' id='word_1_32' title='bbox 846 833 935 910; x_wconf 87' lang='lat' dir='ltr'>Tum</span> <span class='ocrx_word' id='word_1_33' title='bbox 951 831 1109 908; x_wconf 71' lang='lat' dir='ltr'>remudis</span> <span class='ocrx_word' id='word_1_34' title='bbox 1126 855 1244 925; x_wconf 83' lang='lat' dir='ltr'>oppor-</span> 
     </span>
     <span class='ocr_line' id='line_1_6' title="bbox 223 951 1244 1046; baseline 0.001 -23"><span class='ocrx_word' id='word_1_35' title='bbox 223 968 302 1026; x_wconf 88' lang='lat' dir='ltr'>tune</span> <span class='ocrx_word' id='word_1_36' title='bbox 320 955 506 1041; x_wconf 79' lang='lat' dir='ltr'>adhibitio,</span> <span class='ocrx_word' id='word_1_37' title='bbox 525 970 596 1024; x_wconf 88' lang='lat' dir='ltr'>tum</span> <span class='ocrx_word' id='word_1_38' title='bbox 617 952 723 1026; x_wconf 86' lang='lat' dir='ltr'>victus</span> <span class='ocrx_word' id='word_1_39' title='bbox 741 951 930 1046; x_wconf 76' lang='lat' dir='ltr'>frugalitate</span> <span class='ocrx_word' id='word_1_40' title='bbox 947 951 1134 1038; x_wconf 85' lang='lat' dir='ltr'>convaluit,</span> <span class='ocrx_word' id='word_1_41' title='bbox 1160 952 1244 1024; x_wconf 88' lang='lat' dir='ltr'>soli-</span> 
     </span>
     <span class='ocr_line' id='line_1_7' title="bbox 223 1066 1243 1158; baseline 0 -20"><span class='ocrx_word' id='word_1_42' title='bbox 223 1083 275 1138; x_wconf 86' lang='lat' dir='ltr'>tus</span> <span class='ocrx_word' id='word_1_43' title='bbox 300 1069 415 1146; x_wconf 86' lang='lat' dir='ltr'>cibum</span> <span class='ocrx_word' id='word_1_44' title='bbox 444 1090 577 1142; x_wconf 84' lang='lat' dir='ltr'>sumere</span> <span class='ocrx_word' id='word_1_45' title='bbox 605 1068 715 1144; x_wconf 48' lang='lat' dir='ltr'>semel*</span> <span class='ocrx_word' id='word_1_46' title='bbox 729 1066 806 1138; x_wconf 86' lang='lat' dir='ltr'>die.</span> <span class='ocrx_word' id='word_1_47' title='bbox 825 1068 935 1158; x_wconf 80' lang='lat' dir='ltr'>Atque</span> <span class='ocrx_word' id='word_1_48' title='bbox 958 1066 1008 1141; x_wconf 87' lang='lat' dir='ltr'>ita</span> <span class='ocrx_word' id='word_1_49' title='bbox 1032 1067 1243 1144; x_wconf 78' lang='lat' dir='ltr'>confirmatus</span> 
     </span>
     <span class='ocr_line' id='line_1_8' title="bbox 221 1183 1243 1277; baseline 0.001 -20"><span class='ocrx_word' id='word_1_50' title='bbox 221 1205 275 1258; x_wconf 87' lang='lat' dir='ltr'>est</span> <span class='ocrx_word' id='word_1_51' title='bbox 284 1239 295 1274; x_wconf 92' lang='lat'><strong>,</strong></span> <span class='ocrx_word' id='word_1_52' title='bbox 304 1204 342 1261; x_wconf 84' lang='lat' dir='ltr'>ut</span> <span class='ocrx_word' id='word_1_53' title='bbox 356 1203 525 1264; x_wconf 78' lang='lat' dir='ltr'>senectute</span> <span class='ocrx_word' id='word_1_54' title='bbox 539 1186 721 1261; x_wconf 75' lang='lat' dir='ltr'>invidenda</span> <span class='ocrx_word' id='word_1_55' title='bbox 731 1183 891 1262; x_wconf 80' lang='lat' dir='ltr'>frueretur</span> <span class='ocrx_word' id='word_1_56' title='bbox 902 1185 1147 1277; x_wconf 75' lang='lat' dir='ltr'>octogenarius.</span> <span class='ocrx_word' id='word_1_57' title='bbox 1163 1187 1243 1260; x_wconf 88' lang='lat' dir='ltr'>Non</span> 
     </span>
     <span class='ocr_line' id='line_1_9' title="bbox 129 1297 1243 1393; baseline -0.001 -19"><span class='ocrx_word' id='word_1_58' title='bbox 129 1349 135 1358; x_wconf 89' lang='lat'><em>·</em></span> <span class='ocrx_word' id='word_1_59' title='bbox 222 1302 329 1374; x_wconf 88' lang='lat' dir='ltr'>multo</span> <span class='ocrx_word' id='word_1_60' title='bbox 347 1318 424 1392; x_wconf 93' lang='lat' dir='ltr'>post</span> <span class='ocrx_word' id='word_1_61' title='bbox 441 1302 478 1370; x_wconf 89' lang='lat' dir='ltr'>in</span> <span class='ocrx_word' id='word_1_62' title='bbox 497 1298 684 1393; x_wconf 79' lang='lat' dir='ltr'>gravedinis</span> <span class='ocrx_word' id='word_1_63' title='bbox 711 1298 865 1370; x_wconf 87' lang='lat' dir='ltr'>morbum</span> <span class='ocrx_word' id='word_1_64' title='bbox 884 1297 1025 1368; x_wconf 84' lang='lat' dir='ltr'>incidit.</span> <span class='ocrx_word' id='word_1_65' title='bbox 1043 1302 1128 1374; x_wconf 82' lang='lat' dir='ltr'>Tres</span> <span class='ocrx_word' id='word_1_66' title='bbox 1156 1317 1243 1373; x_wconf 90' lang='lat' dir='ltr'>totos</span> 
     </span>
     <span class='ocr_line' id='line_1_10' title="bbox 221 1416 1240 1498; baseline -0.001 -6"><span class='ocrx_word' id='word_1_67' title='bbox 221 1444 326 1492; x_wconf 79' lang='lat' dir='ltr'>annos</span> <span class='ocrx_word' id='word_1_68' title='bbox 343 1443 422 1498; x_wconf 79' lang='lat' dir='ltr'>cunr</span> <span class='ocrx_word' id='word_1_69' title='bbox 443 1443 485 1491; x_wconf 91' lang='lat' dir='ltr'>eo</span> <span class='ocrx_word' id='word_1_70' title='bbox 512 1420 653 1498; x_wconf 78' lang='lat' dir='ltr'>luctatus</span> <span class='ocrx_word' id='word_1_71' title='bbox 680 1418 782 1496; x_wconf 84' lang='lat' dir='ltr'>cessit</span> <span class='ocrx_word' id='word_1_72' title='bbox 800 1416 948 1498; x_wconf 78' lang='lat' dir='ltr'>tamdem</span> <span class='ocrx_word' id='word_1_73' title='bbox 967 1416 1152 1490; x_wconf 80' lang='lat' dir='ltr'>infirmitati</span> <span class='ocrx_word' id='word_1_74' title='bbox 1177 1443 1240 1491; x_wconf 82' lang='lat' dir='ltr'>rta-</span> 
     </span>
     <span class='ocr_line' id='line_1_11' title="bbox 223 1549 341 1612; baseline -0.017 -6"><span class='ocrx_word' id='word_1_75' title='bbox 223 1549 341 1612; x_wconf 80' lang='lat' dir='ltr'>toras.</span> 
     </span>
    </p>

    <p class='ocr_par' dir='ltr' id='par_1_4' title="bbox 217 1643 1239 2785">
     <span class='ocr_line' id='line_1_12' title="bbox 268 1643 1239 1744; baseline 0.001 -25"><span class='ocrx_word' id='word_1_76' title='bbox 268 1647 336 1719; x_wconf 85' lang='lat' dir='ltr'>Sex</span> <span class='ocrx_word' id='word_1_77' title='bbox 353 1647 529 1744; x_wconf 79' lang='lat' dir='ltr'>postremis</span> <span class='ocrx_word' id='word_1_78' title='bbox 555 1643 693 1732; x_wconf 89' lang='lat' dir='ltr'>diebus,</span> <span class='ocrx_word' id='word_1_79' title='bbox 711 1643 832 1740; x_wconf 84' lang='lat' dir='ltr'>quibus</span> <span class='ocrx_word' id='word_1_80' title='bbox 851 1645 1050 1739; x_wconf 78' lang='lat' dir='ltr'>aegrotavit,</span> <span class='ocrx_word' id='word_1_81' title='bbox 1068 1669 1239 1740; x_wconf 80' lang='lat' dir='ltr'>nunquam</span> 
     </span>
     <span class='ocr_line' id='line_1_13' title="bbox 220 1758 1239 1864; baseline -0.003 -30"><span class='ocrx_word' id='word_1_82' title='bbox 220 1760 353 1837; x_wconf 84' lang='lat' dir='ltr'>auditus</span> <span class='ocrx_word' id='word_1_83' title='bbox 371 1761 544 1864; x_wconf 81' lang='lat' dir='ltr'>conqueri.</span> <span class='ocrx_word' id='word_1_84' title='bbox 570 1759 714 1840; x_wconf 76' lang='lat' dir='ltr'>Divinae</span> <span class='ocrx_word' id='word_1_85' title='bbox 731 1758 960 1852; x_wconf 84' lang='lat' dir='ltr'>providentiae</span> <span class='ocrx_word' id='word_1_86' title='bbox 979 1761 1165 1854; x_wconf 83' lang='lat' dir='ltr'>acquievit,</span> <span class='ocrx_word' id='word_1_87' title='bbox 1185 1761 1239 1833; x_wconf 88' lang='lat' dir='ltr'>in-</span> 
     </span>
     <span class='ocr_line' id='line_1_14' title="bbox 221 1879 1238 1976; baseline -0.001 -23"><span class='ocrx_word' id='word_1_88' title='bbox 221 1883 323 1974; x_wconf 85' lang='lat' dir='ltr'>tegris</span> <span class='ocrx_word' id='word_1_89' title='bbox 354 1883 453 1976; x_wconf 86' lang='lat' dir='ltr'>plane</span> <span class='ocrx_word' id='word_1_90' title='bbox 481 1881 634 1960; x_wconf 83' lang='lat' dir='ltr'>sensibus</span> <span class='ocrx_word' id='word_1_91' title='bbox 661 1896 812 1974; x_wconf 77' lang='lat' dir='ltr'>perstans</span> <span class='ocrx_word' id='word_1_92' title='bbox 840 1879 884 1953; x_wconf 85' lang='lat' dir='ltr'>ad</span> <span class='ocrx_word' id='word_1_93' title='bbox 909 1899 1095 1958; x_wconf 84' lang='lat' dir='ltr'>extremum</span> <span class='ocrx_word' id='word_1_94' title='bbox 1115 1907 1238 1974; x_wconf 86' lang='lat' dir='ltr'>usque.</span> 
     </span>
     <span class='ocr_line' id='line_1_15' title="bbox 218 2000 1237 2092; baseline 0 -20"><span class='ocrx_word' id='word_1_95' title='bbox 218 2004 294 2090; x_wconf 87' lang='lat' dir='ltr'>Quo</span> <span class='ocrx_word' id='word_1_96' title='bbox 313 2003 454 2074; x_wconf 87' lang='lat' dir='ltr'>decessit</span> <span class='ocrx_word' id='word_1_97' title='bbox 472 2003 547 2089; x_wconf 88' lang='lat' dir='ltr'>die,</span> <span class='ocrx_word' id='word_1_98' title='bbox 566 2019 659 2072; x_wconf 85' lang='lat' dir='ltr'>tanta</span> <span class='ocrx_word' id='word_1_99' title='bbox 677 2000 865 2072; x_wconf 75' lang='lat' dir='ltr'>constantia</span> <span class='ocrx_word' id='word_1_100' title='bbox 889 2001 999 2074; x_wconf 83' lang='lat' dir='ltr'>vultus</span> <span class='ocrx_word' id='word_1_101' title='bbox 1017 2001 1151 2092; x_wconf 86' lang='lat' dir='ltr'>excepit</span> <span class='ocrx_word' id='word_1_102' title='bbox 1179 2001 1237 2092; x_wconf 87' lang='lat' dir='ltr'>qui</span> 
     </span>
     <span class='ocr_line' id='line_1_16' title="bbox 219 2112 1238 2201; baseline 0.004 -17"><span class='ocrx_word' id='word_1_103' title='bbox 219 2139 257 2185; x_wconf 83' lang='lat' dir='ltr'>se</span> <span class='ocrx_word' id='word_1_104' title='bbox 275 2115 482 2200; x_wconf 82' lang='lat' dir='ltr'>invisebant,</span> <span class='ocrx_word' id='word_1_105' title='bbox 494 2126 532 2185; x_wconf 83' lang='lat' dir='ltr'>nt</span> <span class='ocrx_word' id='word_1_106' title='bbox 549 2140 617 2194; x_wconf 83' lang='lat' dir='ltr'>non</span> <span class='ocrx_word' id='word_1_107' title='bbox 635 2139 678 2186; x_wconf 86' lang='lat' dir='ltr'>ex</span> <span class='ocrx_word' id='word_1_108' title='bbox 696 2115 765 2190; x_wconf 83' lang='lat' dir='ltr'>vite</span> <span class='ocrx_word' id='word_1_109' title='bbox 774 2167 786 2201; x_wconf 92' lang='lat'><strong><em>,</em></strong></span> <span class='ocrx_word' id='word_1_110' title='bbox 797 2114 859 2192; x_wconf 83' lang='lat' dir='ltr'>sed</span> <span class='ocrx_word' id='word_1_111' title='bbox 877 2139 918 2184; x_wconf 84' lang='lat' dir='ltr'>ex</span> <span class='ocrx_word' id='word_1_112' title='bbox 936 2114 1035 2188; x_wconf 83' lang='lat' dir='ltr'>domo</span> <span class='ocrx_word' id='word_1_113' title='bbox 1054 2112 1090 2186; x_wconf 85' lang='lat' dir='ltr'>in</span> <span class='ocrx_word' id='word_1_114' title='bbox 1101 2114 1238 2188; x_wconf 83' lang='lat' dir='ltr'>domum</span> 
     </span>
     <span class='ocr_line' id='line_1_17' title="bbox 219 2230 1238 2328; baseline 0 -26"><span class='ocrx_word' id='word_1_115' title='bbox 219 2230 387 2302; x_wconf 80' lang='lat' dir='ltr'>videretur</span> <span class='ocrx_word' id='word_1_116' title='bbox 404 2232 551 2324; x_wconf 81' lang='lat' dir='ltr'>migrare</span> <span class='ocrx_word' id='word_1_117' title='bbox 569 2232 645 2322; x_wconf 85' lang='lat'>(2).</span> <span class='ocrx_word' id='word_1_118' title='bbox 663 2233 734 2302; x_wconf 90' lang='lat' dir='ltr'>VII</span> <span class='ocrx_word' id='word_1_119' title='bbox 751 2231 825 2301; x_wconf 81' lang='lat' dir='ltr'>Cal.</span> <span class='ocrx_word' id='word_1_120' title='bbox 849 2231 1019 2322; x_wconf 87' lang='lat' dir='ltr'>Septemb.</span> <span class='ocrx_word' id='word_1_121' title='bbox 1041 2256 1127 2303; x_wconf 86' lang='lat' dir='ltr'>anno</span> <span class='ocrx_word' id='word_1_122' title='bbox 1149 2233 1238 2328; x_wconf 74' lang='lat'>1769</span> 
     </span>
     <span class='ocr_line' id='line_1_18' title="bbox 217 2345 1238 2440; baseline 0.005 -26"><span class='ocrx_word' id='word_1_123' title='bbox 217 2345 307 2422; x_wconf 86' lang='lat' dir='ltr'>inter</span> <span class='ocrx_word' id='word_1_124' title='bbox 322 2347 413 2418; x_wconf 86' lang='lat' dir='ltr'>vivos</span> <span class='ocrx_word' id='word_1_125' title='bbox 431 2370 528 2439; x_wconf 81' lang='lat' dir='ltr'>egere</span> <span class='ocrx_word' id='word_1_126' title='bbox 545 2347 675 2419; x_wconf 77' lang='lat' dir='ltr'>Patavii</span> <span class='ocrx_word' id='word_1_127' title='bbox 700 2346 820 2433; x_wconf 89' lang='lat' dir='ltr'>desiit,</span> <span class='ocrx_word' id='word_1_128' title='bbox 840 2361 955 2418; x_wconf 87' lang='lat' dir='ltr'>octavo</span> <span class='ocrx_word' id='word_1_129' title='bbox 974 2365 1008 2418; x_wconf 86' lang='lat' dir='ltr'>et</span> <span class='ocrx_word' id='word_1_130' title='bbox 1036 2349 1238 2440; x_wconf 89' lang='lat' dir='ltr'>octogesimo</span> 
     </span>
     <span class='ocr_line' id='line_1_19' title="bbox 218 2463 1236 2555; baseline 0 -19"><span class='ocrx_word' id='word_1_131' title='bbox 218 2464 309 2536; x_wconf 85' lang='lat' dir='ltr'>vitre</span> <span class='ocrx_word' id='word_1_132' title='bbox 327 2489 413 2537; x_wconf 83' lang='lat' dir='ltr'>anno</span> <span class='ocrx_word' id='word_1_133' title='bbox 440 2480 596 2555; x_wconf 84' lang='lat' dir='ltr'>vergente</span> <span class='ocrx_word' id='word_1_134' title='bbox 624 2465 666 2538; x_wconf 83' lang='lat' dir='ltr'>ad</span> <span class='ocrx_word' id='word_1_135' title='bbox 694 2465 842 2539; x_wconf 83' lang='lat' dir='ltr'>exitum.</span> <span class='ocrx_word' id='word_1_136' title='bbox 862 2463 978 2534; x_wconf 79' lang='lat' dir='ltr'>Tertio</span> <span class='ocrx_word' id='word_1_137' title='bbox 996 2463 1039 2536; x_wconf 82' lang='lat' dir='ltr'>ab</span> <span class='ocrx_word' id='word_1_138' title='bbox 1059 2463 1152 2535; x_wconf 88' lang='lat' dir='ltr'>obitu</span> <span class='ocrx_word' id='word_1_139' title='bbox 1179 2465 1236 2536; x_wconf 91' lang='lat' dir='ltr'>die</span> 
     </span>
     <span class='ocr_line' id='line_1_20' title="bbox 218 2577 1237 2690; baseline -0.002 -38"><span class='ocrx_word' id='word_1_140' title='bbox 218 2581 326 2654; x_wconf 85' lang='lat' dir='ltr'>elatus</span> <span class='ocrx_word' id='word_1_141' title='bbox 353 2596 432 2678; x_wconf 82' lang='lat' dir='ltr'>est,</span> <span class='ocrx_word' id='word_1_142' title='bbox 458 2578 653 2662; x_wconf 77' lang='lat' dir='ltr'>boncctnnte</span> <span class='ocrx_word' id='word_1_143' title='bbox 672 2579 744 2690; x_wconf 86' lang='lat' dir='ltr'>ejus</span> <span class='ocrx_word' id='word_1_144' title='bbox 767 2577 864 2651; x_wconf 85' lang='lat' dir='ltr'>sunus</span> <span class='ocrx_word' id='word_1_145' title='bbox 894 2602 987 2662; x_wconf 79' lang='lat' dir='ltr'>sacro</span> <span class='ocrx_word' id='word_1_146' title='bbox 1009 2579 1237 2674; x_wconf 85' lang='lat' dir='ltr'>theologorum</span> 
     </span>
     <span class='ocr_line' id='line_1_21' title="bbox 217 2693 378 2785; baseline -0.012 -19"><span class='ocrx_word' id='word_1_147' title='bbox 217 2693 378 2785; x_wconf 81' lang='lat' dir='ltr'>collegio.</span> 
     </span>
    </p>

    <p class='ocr_par' dir='ltr' id='par_1_5' title="bbox 214 2796 1235 3608">
     <span class='ocr_line' id='line_1_22' title="bbox 265 2796 1235 2899; baseline -0.003 -20"><span class='ocrx_word' id='word_1_148' title='bbox 265 2807 355 2882; x_wconf 84' lang='lat' dir='ltr'>Illud</span> <span class='ocrx_word' id='word_1_149' title='bbox 381 2806 585 2886; x_wconf 83' lang='lat' dir='ltr'>celebratum</span> <span class='ocrx_word' id='word_1_150' title='bbox 611 2822 663 2878; x_wconf 86' lang='lat' dir='ltr'>est</span> <span class='ocrx_word' id='word_1_151' title='bbox 688 2806 725 2880; x_wconf 91' lang='lat' dir='ltr'>in</span> <span class='ocrx_word' id='word_1_152' title='bbox 752 2796 879 2899; x_wconf 77' lang='lat' dir='ltr'>templo</span> <span class='ocrx_word' id='word_1_153' title='bbox 905 2804 1090 2886; x_wconf 80' lang='lat' dir='ltr'>seminario</span> <span class='ocrx_word' id='word_1_154' title='bbox 1117 2802 1235 2897; x_wconf 59' lang='lat' dir='ltr'>proxii</span> 
     </span>
     <span class='ocr_line' id='line_1_23' title="bbox 218 2922 1232 3018; baseline -0.006 -20"><span class='ocrx_word' id='word_1_155' title='bbox 218 2946 276 2998; x_wconf 86' lang='lat' dir='ltr'>mo</span> <span class='ocrx_word' id='word_1_156' title='bbox 291 2975 302 3010; x_wconf 93' lang='lat'>,</span> <span class='ocrx_word' id='word_1_157' title='bbox 320 2926 418 3018; x_wconf 91' lang='lat' dir='ltr'>vulgo</span> <span class='ocrx_word' id='word_1_158' title='bbox 445 2924 475 3001; x_wconf 80' lang='lat' dir='ltr'>it</span> <span class='ocrx_word' id='word_1_159' title='bbox 501 2924 696 3012; x_wconf 83' lang='lat' dir='ltr'>Torrest&#39;no,</span> <span class='ocrx_word' id='word_1_160' title='bbox 718 2925 806 3018; x_wconf 91' lang='lat' dir='ltr'>quod</span> <span class='ocrx_word' id='word_1_161' title='bbox 826 2924 894 2996; x_wconf 88' lang='lat' dir='ltr'>suis</span> <span class='ocrx_word' id='word_1_162' title='bbox 917 2925 976 2996; x_wconf 91' lang='lat' dir='ltr'>ille</span> <span class='ocrx_word' id='word_1_163' title='bbox 993 2922 1164 3004; x_wconf 80' lang='lat' dir='ltr'>beneficiis</span> <span class='ocrx_word' id='word_1_164' title='bbox 1183 2946 1232 2992; x_wconf 90' lang='lat' dir='ltr'>or-</span> 
     </span>
     <span class='ocr_line' id='line_1_24' title="bbox 214 3037 1232 3128; baseline 0.002 -24"><span class='ocrx_word' id='word_1_165' title='bbox 214 3052 331 3106; x_wconf 82' lang='lat' dir='ltr'>narat.</span> <span class='ocrx_word' id='word_1_166' title='bbox 348 3037 633 3120; x_wconf 72' lang='lat' dir='ltr'>intermissurum</span> <span class='ocrx_word' id='word_1_167' title='bbox 651 3038 816 3118; x_wconf 82' lang='lat' dir='ltr'>solemnia</span> <span class='ocrx_word' id='word_1_168' title='bbox 833 3039 985 3113; x_wconf 82' lang='lat' dir='ltr'>laudatus</span> <span class='ocrx_word' id='word_1_169' title='bbox 999 3055 1050 3112; x_wconf 90' lang='lat' dir='ltr'>est</span> <span class='ocrx_word' id='word_1_170' title='bbox 1069 3037 1112 3110; x_wconf 81' lang='lat' dir='ltr'>ab</span> <span class='ocrx_word' id='word_1_171' title='bbox 1131 3037 1232 3128; x_wconf 85' lang='lat' dir='ltr'>Alcy-</span> 
     </span>
     <span class='ocr_line' id='line_1_25' title="bbox 214 3155 1233 3252; baseline 0.002 -24"><span class='ocrx_word' id='word_1_172' title='bbox 214 3157 266 3228; x_wconf 85' lang='lat' dir='ltr'>sio</span> <span class='ocrx_word' id='word_1_173' title='bbox 283 3155 458 3230; x_wconf 82' lang='lat' dir='ltr'>Padovano</span> <span class='ocrx_word' id='word_1_174' title='bbox 485 3174 563 3231; x_wconf 88' lang='lat' dir='ltr'>tuno</span> <span class='ocrx_word' id='word_1_175' title='bbox 591 3158 770 3239; x_wconf 76' lang='lat' dir='ltr'>seminarii</span> <span class='ocrx_word' id='word_1_176' title='bbox 796 3159 984 3252; x_wconf 78' lang='lat' dir='ltr'>magistro,</span> <span class='ocrx_word' id='word_1_177' title='bbox 1010 3156 1133 3231; x_wconf 87' lang='lat' dir='ltr'>deinde</span> <span class='ocrx_word' id='word_1_178' title='bbox 1159 3171 1233 3232; x_wconf 80' lang='lat' dir='ltr'>ate-</span> 
     </span>
     <span class='ocr_line' id='line_1_26' title="bbox 216 3273 1233 3374; baseline 0 -29"><span class='ocrx_word' id='word_1_179' title='bbox 216 3275 305 3346; x_wconf 88' lang='lat' dir='ltr'>stino</span> <span class='ocrx_word' id='word_1_180' title='bbox 329 3277 505 3365; x_wconf 80' lang='lat' dir='ltr'>canonico,</span> <span class='ocrx_word' id='word_1_181' title='bbox 531 3277 604 3355; x_wconf 87' lang='lat' dir='ltr'>viro</span> <span class='ocrx_word' id='word_1_182' title='bbox 625 3277 859 3374; x_wconf 86' lang='lat' dir='ltr'>integerrimo,</span> <span class='ocrx_word' id='word_1_183' title='bbox 889 3277 1039 3369; x_wconf 84' lang='lat' dir='ltr'>mihique</span> <span class='ocrx_word' id='word_1_184' title='bbox 1066 3273 1233 3354; x_wconf 76' lang='lat' dir='ltr'>amicissi-</span> 
     </span>
     <span class='ocr_line' id='line_1_27' title="bbox 215 3389 1232 3484; baseline -0.003 -21"><span class='ocrx_word' id='word_1_185' title='bbox 215 3411 290 3476; x_wconf 83' lang='lat' dir='ltr'>mo,</span> <span class='ocrx_word' id='word_1_186' title='bbox 300 3389 353 3461; x_wconf 90' lang='lat' dir='ltr'>cui</span> <span class='ocrx_word' id='word_1_187' title='bbox 364 3393 525 3484; x_wconf 87' lang='lat' dir='ltr'>plurimus</span> <span class='ocrx_word' id='word_1_188' title='bbox 542 3416 618 3469; x_wconf 85' lang='lat' dir='ltr'>cum</span> <span class='ocrx_word' id='word_1_189' title='bbox 638 3393 824 3466; x_wconf 82' lang='lat' dir='ltr'>Fasciolato</span> <span class='ocrx_word' id='word_1_190' title='bbox 836 3415 913 3464; x_wconf 87' lang='lat' dir='ltr'>usus</span> <span class='ocrx_word' id='word_1_191' title='bbox 931 3389 1037 3462; x_wconf 78' lang='lat' dir='ltr'>fuerat</span> <span class='ocrx_word' id='word_1_192' title='bbox 1051 3405 1084 3460; x_wconf 93' lang='lat' dir='ltr'>et</span> <span class='ocrx_word' id='word_1_193' title='bbox 1098 3411 1232 3462; x_wconf 83' lang='lat' dir='ltr'>consue·</span> 
     </span>
     <span class='ocr_line' id='line_1_28' title="bbox 214 3497 1230 3608; baseline -0.004 -26"><span class='ocrx_word' id='word_1_194' title='bbox 214 3508 377 3585; x_wconf 86' lang='lat' dir='ltr'>tudo.Ne</span> <span class='ocrx_word' id='word_1_195' title='bbox 386 3527 552 3582; x_wconf 89' lang='lat' dir='ltr'>mortuum</span> <span class='ocrx_word' id='word_1_196' title='bbox 569 3511 705 3608; x_wconf 84' lang='lat' dir='ltr'>quidem</span> <span class='ocrx_word' id='word_1_197' title='bbox 722 3497 820 3588; x_wconf 78' lang='lat' dir='ltr'>ilium</span> <span class='ocrx_word' id='word_1_198' title='bbox 838 3507 969 3584; x_wconf 80' lang='lat' dir='ltr'>fortuna</span> <span class='ocrx_word' id='word_1_199' title='bbox 986 3505 1147 3581; x_wconf 88' lang='lat' dir='ltr'>deseruit.</span> <span class='ocrx_word' id='word_1_200' title='bbox 1162 3503 1230 3590; x_wconf 74' lang='lat' dir='ltr'>Hic</span> 
     </span>
    </p>
   </div>
   <div class='ocr_carea' id='block_1_4' title="bbox 554 3711 886 3753">
    <p class='ocr_par' dir='ltr' id='par_1_6' title="bbox 554 3711 886 3753">
     <span class='ocr_line' id='line_1_29' title="bbox 554 3711 886 3753; baseline 0.009 -3"><span class='ocrx_word' id='word_1_201' title='bbox 554 3711 886 3753; x_wconf 51' lang='lat' dir='ltr'>“mm</span> 
     </span>
    </p>
   </div>
   <div class='ocr_carea' id='block_1_5' title="bbox 252 3854 829 4044">
    <p class='ocr_par' dir='ltr' id='par_1_7' title="bbox 252 3854 829 4044">
     <span class='ocr_line' id='line_1_30' title="bbox 253 3854 490 3940; baseline -0.004 -4"><span class='ocrx_word' id='word_1_202' title='bbox 253 3859 305 3938; x_wconf 72' lang='grc' dir='ltr'>(ι)</span> <span class='ocrx_word' id='word_1_203' title='bbox 325 3854 421 3940; x_wconf 60' lang='lat' dir='ltr'>Eviss-</span> <span class='ocrx_word' id='word_1_204' title='bbox 439 3859 490 3935; x_wconf 65' lang='grc' dir='ltr'>ἀοι</span> 
     </span>
     <span class='ocr_line' id='line_1_31' title="bbox 252 3956 829 4044; baseline 0.005 -23"><span class='ocrx_word' id='word_1_205' title='bbox 252 3960 303 4040; x_wconf 80' lang='lat'>(2)</span> <span class='ocrx_word' id='word_1_206' title='bbox 319 3958 419 4044; x_wconf 77' lang='lat' dir='ltr'>Nepos</span> <span class='ocrx_word' id='word_1_207' title='bbox 438 3958 471 4022; x_wconf 86' lang='lat' dir='ltr'>in</span> <span class='ocrx_word' id='word_1_208' title='bbox 487 3956 549 4026; x_wconf 86' lang='lat' dir='ltr'>vitr</span> <span class='ocrx_word' id='word_1_209' title='bbox 567 3957 659 4025; x_wconf 75' lang='lat' dir='ltr'>Attici</span> <span class='ocrx_word' id='word_1_210' title='bbox 677 3979 757 4025; x_wconf 79' lang='lat' dir='ltr'>num.</span> <span class='ocrx_word' id='word_1_211' title='bbox 776 3975 829 4026; x_wconf 58' lang='grc' dir='ltr'>ως</span> 
     </span>
    </p>
   </div>
   <div class='ocr_carea' id='block_1_6' title="bbox 0 0 1634 4959">
    <p class='ocr_par' dir='ltr' id='par_1_8' title="bbox 0 0 1634 4959">
     <span class='ocr_line' id='line_1_32' title="bbox 0 0 1634 4959; baseline 0 3"><span class='ocrx_word' id='word_1_212' title='bbox 0 0 1634 4959; x_wconf 95' lang='lat' dir='ltr'> </span> 
     </span>
    </p>
   </div>
  </div>
 </body>
</html>
