3259 4959
398 349 447 444 tt

396 496 522 591 quihus
532 519 629 566 sonna
640 493 855 565 consumeret
865 490 1091 570 Banaarucus
1101 547 1111 579 ,
1123 491 1180 564 sad
1194 491 1305 587 ipsum
1320 517 1414 590 pras·

398 630 490 686 tersa
507 614 662 706 ologitin
681 613 836 709 ejusdcm
855 613 1032 686 Seminarii
1051 631 1245 706 patronum.
1265 617 1415 690 Semina·

396 728 485 798 rinrn
504 727 697 820 patarinum
715 745 750 799 et
767 727 841 823 ejus
858 730 1009 799 conditor
1026 730 1200 822 magnoin
1218 732 1341 802 honore
1356 733 1415 804 ha·

394 844 490 916 lteri.
509 847 636 916 Omnes
663 847 769 916 exteri
793 862 998 916 transeuntes
1024 847 1162 919 Patario
1189 847 1412 922 Seminarium

397 963 512 1035 adire:
526 964 640 1033 mirari
659 987 768 1033 rernm
796 964 968 1051 ordinem,
995 967 1254 1060 varietatemque
1280 968 1412 1039 schola-

395 1105 492 1170 mrn3
509 1106 589 1152 mox
605 1082 643 1150 in
662 1085 856 1154 Banannrcr
876 1083 989 1155 laudes
1008 1083 1154 1173 effundi,
1175 1087 1216 1158 de
1236 1087 1328 1158 illius
1349 1088 1413 1159 do·

395 1194 501 1264 ctrina
520 1209 554 1264 ct
572 1196 745 1266 sanctitate
765 1197 954 1286 praedicare
974 1200 1147 1290 magnifice
1167 1204 1180 1292 (
1205 1201 1239 1292 )
1330 1261 1341 1278 „

442 1310 519 1380 Non
539 1309 656 1378 donans
675 1309 864 1395 dominum,
883 1310 994 1406 ajebat
1012 1313 1191 1405 antiquitas
1205 1315 1286 1401 ,acti
1305 1315 1413 1387 dorni·

394 1451 457 1498 nos
475 1443 570 1496 ornet
587 1427 744 1498 domum.
765 1431 831 1498 Hic
849 1445 961 1500 tarnen
981 1448 1016 1501 ct
1030 1431 1251 1504 Seminarium
1271 1435 1413 1508 ornabat

393 1540 574 1632 plurimam
593 1543 838 1626 Bnnsanrcus,
858 1559 894 1614 ot
913 1567 955 1613 cx
973 1545 1159 1616 seminario
1177 1547 1328 1618 nonnihil
1346 1548 1410 1618 ho-

392 1658 484 1728 noris
503 1657 708 1728 redundabat
725 1659 762 1729 in
789 1663 1026 1733 Banannrcun
1045 1661 1154 1751 ipsurn
1173 1661 1322 1756 ejusdem
1351 1664 1415 1734 do·

396 1772 602 1845 minuunAt
618 1773 677 1843 ille
695 1773 907 1843 aversabatur
924 1771 975 1844 vel
997 1775 1142 1844 maxime
1161 1775 1320 1868 quidquid
1342 1801 1413 1846 rer.

394 1887 533 1958 taretin
552 1886 711 1957 morem
737 1885 789 1956 sui
799 1939 812 1973 ,
838 1887 1090 1977 inscriptiones,
1118 1889 1249 1982 elogia,
1268 1890 1412 1978 titulos,

393 2016 637 2071 monomenta.
661 1999 758 2071 Nihil
783 1999 973 2094 hujusmodi
1001 2002 1070 2092 pati
1100 2019 1247 2094 potarat,
1277 2028 1409 2074 suarum

395 2115 530 2188 landum
558 2143 624 2188 uon
651 2134 720 2188 tam
747 2117 921 2203 inimicus,
949 2141 1050 2210 quarn
1078 2120 1254 2191 acerrimus
1283 2120 1412 2190 hostis.

394 2231 609 2305 Gentilitium
621 2230 769 2302 familiae
781 2232 931 2326 insigne,
944 2229 1092 2328 subjecto
1109 2233 1144 2304 in
1164 2233 1413 2327 eiuscommcn-

390 2345 561 2418 dationem
581 2347 742 2432 disticho,
764 2345 945 2436 parietibus
963 2345 1140 2419 Seminarii
1160 2348 1352 2439 appositum
1369 2371 1407 2415 a·

393 2462 520 2533 moueri
547 2460 673 2553 juant,
700 2481 743 2528 ne
762 2477 908 2530 exstaret
935 2459 1038 2530 ullum
1069 2460 1158 2550 apud
1184 2477 1334 2552 posteros
1363 2458 1415 2530 sui

396 2571 607 2662 praeconium
628 2573 683 2661 (2)
696 2608 717 2638 .-
737 2571 834 2639 Irrito
858 2587 969 2640 tamen
997 2571 1090 2640 nisu.
1119 2568 1229 2656 Ipsius
1255 2568 1414 2641 nimirum

395 2699 472 2760 sunt
490 2688 629 2760 totidem
649 2687 744 2780 quasi
762 2685 872 2777 elogia
898 2685 925 2762 ii
954 2708 1070 2762 ornnes
1087 2706 1225 2764 numero
1249 2707 1314 2756 non
1342 2684 1415 2758 exi·

395 2800 470 2894 gni,
491 2802 547 2895 qui
578 2802 660 2874 clim
686 2798 865 2872 Seminarii
888 2796 1034 2892 patavini
1061 2795 1268 2867 institutione
1293 2795 1416 2872 eruditi

394 2918 480 2990 adso
500 2920 598 2990 utiles
617 2917 797 3012 praebuere
814 2941 851 2987 se
870 2914 1038 3007 religioni,
1062 2914 1201 3000 litteris,
1217 2913 1387 2984 societati.

441 3039 481 3106 In
500 3035 742 3128 eoaliquandiu
761 3034 903 3104 instituti
922 3050 1000 3104 sunt
1021 3057 1087 3103 non
1115 3032 1211 3124 pauci
1231 3056 1272 3102 ex
1291 3032 1418 3102 tenetis

395 3155 621 3241 senatoribus,
640 3172 727 3226 etex
737 3153 923 3246 conspicuis
933 3149 1076 3223 familiis
1089 3151 1235 3243 gentium
1253 3151 1353 3220 ctiam
1364 3171 1418 3228 ex·

396 3284 556 3344 terarum.
575 3271 616 3340 In
633 3291 674 3338 eo
691 3267 868 3359 Episcopi,
889 3265 950 3343 viri
982 3265 1170 3358 principes,
1198 3262 1409 3342 cardinales,

395 3379 576 3462 Difficilem
589 3382 717 3457 exitum
736 3381 902 3454 inveniret
919 3379 1081 3468 histona,
1100 3377 1247 3470 singulos
1268 3374 1419 3456 nomina·

734 3615 1064 3647 mmmm

434 3788 483 3864 (t)
505 3785 572 3848 Act.
597 3787 700 3849 Beatis-
720 3787 763 3848 T.
784 3788 841 3850 lv.
860 3786 1000 3849 Summar.
1017 3803 1082 3867 pag.
1102 3787 1171 3860 419.

433 3890 483 3967 (2)
505 3887 582 3950 ibid.
600 3891 643 3952 T.
664 3891 704 3950 11.
723 3890 865 3953 samar.
879 3908 946 3974 pag.
972 3887 1037 3954 150.
1057 3885 1100 3950 T·
1120 3883 1175 3951 lv.
1194 3891 1348 3966 paparo,
1374 3887 1407 3941 sa

396 3993 465 4060 aaa
