3259 4959
371 272 418 382 ῥά
729 207 740 230 .
836 285 919 354 lter

367 425 494 511 liabeo,
513 424 599 517 quod
620 406 750 492 (licam.
779 423 898 515 Neque
917 423 1005 491 eninr
1026 433 1159 490 exstant
1186 433 1385 496 monumenta

368 561 421 616 ta.
441 545 525 634 Quis
543 560 655 612 tamen
674 539 773 611 fuerit
791 541 860 636 jam
880 551 968 626 tunt,
993 565 1166 631 possumus
1183 565 1226 610 ex
1244 543 1316 635 ejus
1334 546 1387 634 ip

365 657 435 728 sius
455 656 654 748 praestantia
675 678 739 723 non
759 671 884 724 temere
904 654 1083 724 divinando
1100 653 1282 748 conjicere.
1302 657 1383 726 Non

368 776 490 866 exiguo
507 775 565 844 illc
579 797 598 842 s
615 791 730 843 nature
747 773 881 842 sortitus
895 771 1001 844 fueret
1014 771 1056 842 erl
1069 772 1199 842 litteras
1212 772 1385 866 adjumenta

368 906 422 962 tn.
451 897 529 963 Erat
555 891 605 960 illi
633 891 755 960 subtile
782 891 973 983 ingenium,
1001 907 1152 976 neutum,
1181 892 1383 979 vehemens,

252 1076 261 1090 ,
369 1010 578 1101 amplissime
600 1009 651 1077 vis
669 1010 851 1085 memoriae
869 1035 908 1080 uc
928 1009 1154 1094 tenacissima,
1173 1007 1382 1098 praefervida

367 1125 574 1218 imaginandi
594 1123 753 1212 facultas,
772 1143 843 1195 turn
862 1125 958 1196 ardor
975 1117 1103 1197 sciendi
1123 1124 1304 1215 plurimus,
1327 1137 1385 1196 ro·'

365 1244 463 1317 bustu
483 1257 651 1335 practerea
678 1243 825 1335 corporis
850 1243 1031 1330 habitudo,
1059 1262 1093 1316 et
1120 1241 1254 1314 serendo
1277 1239 1384 1316 labori

370 1381 448 1452 par,
466 1357 522 1448 qui
542 1359 726 1427 necessario
746 1350 895 1448 impendi
926 1358 1025 1427 debet
1041 1358 1079 1427 in
1098 1353 1225 1428 studia.-
1254 1357 1385 1448 Quibus

368 1470 543 1564 praesidiis
570 1469 600 1537 is
619 1474 778 1539 erasisset
795 1471 901 1539 multo
920 1471 1098 1556 illustrior,
1124 1471 1190 1541 nisi
1210 1470 1384 1543 incidisset

368 1591 405 1660 in
433 1607 579 1680 tempora
605 1589 753 1660 scientiis
780 1608 820 1658 a'c
847 1590 969 1659 litteris
994 1607 1062 1658 non
1086 1590 1185 1660 valde
1206 1609 1382 1682 prospera.

368 1701 488 1793 Neque
506 1702 597 1770 enim
615 1702 733 1792 exigua
761 1718 837 1771 sunt
863 1703 906 1772 ad
924 1727 976 1772 res
995 1703 1184 1796 hujusmodi
1212 1724 1383 1778 momente

369 1832 577 1908 temporum3
594 1815 631 1884 in
649 1832 969 1908 utramquepartem
987 1841 1053 1886 non
1072 1817 1248 1888 minimum
1263 1819 1382 1892 eadem

369 1928 559 2002 conferunt.
1349 2008 1358 2022 ,

412 2050 462 2118 Ea
479 2047 590 2138 itaque
609 2062 718 2116 aetate
736 2044 865 2116 soboles
885 2044 1035 2136 publicus
1054 2033 1262 2139 privatasque
1288 2064 1383 2120 tene-

368 2159 428 2230 lsat
444 2162 641 2232 scholastice
658 2160 890 2252 philosophie,
906 2183 991 2251 quae
1009 2161 1089 2230 licet
1107 2161 1142 2230 in
1162 2163 1276 2232 multis
1301 2162 1387 2231 soli.

366 2274 430 2362 da,
447 2300 555 2367 neque
582 2275 727 2344 tenebris
756 2292 867 2345 tarsen
886 2290 999 2361 earet,
1024 2299 1129 2367 neque
1160 2277 1279 2347 nodis.
1306 2281 1387 2348 Erat

365 2393 449 2462 haec
467 2394 504 2461 in
523 2393 655 2462 deliciis
672 2394 795 2477 Verio,
814 2393 939 2486 quippe
958 2395 1017 2486 qui
1036 2394 1074 2463 in
1091 2395 1284 2464 disserendo
1303 2418 1384 2520 acp-

369 2521 421 2574 tus
430 2556 442 2592 ,
460 2503 606 2574 habebat
624 2505 718 2591 hinc,
734 2508 985 2602 quoingeniunr
1002 2529 1098 2578 ornum
1114 2524 1296 2579 exerceret:
1311 2534 1389 2621 uvr¹

368 2637 496 2692 tuntum
516 2623 650 2692 incunte
665 2624 795 2694 saeculo
814 2644 953 2718 excepta
967 2627 1141 2698 Patavium
1153 2643 1204 2696 cst
1223 2627 1388 2708 recentior

368 2735 595 2828 philosophia,
621 2761 696 2808 curn
716 2740 839 2810 Verius
858 2765 980 2810 annunt
1001 2757 1111 2833 ageret
1130 2741 1386 2832 circiter-quin-

368 2854 616 2942 quagesimum.
634 2851 781 2924 Difficile
799 2871 911 2924 eutem
930 2857 1064 2924 omuino
1082 2873 1171 2940 erat,
1205 2881 1281 2925 eum
1308 2856 1384 2945 opi-

368 2961 485 3034 niones
505 2983 638 3058 repente
656 2990 798 3052 exuere,
810 2991 892 3058 quas
904 2951 1246 3061 jamdiuirnlniberat,
1261 2985 1296 3037 et
1308 2969 1385 3040 aliis

365 3078 495 3176 jamdiu
514 3084 749 3156 inculcaverat.
768 3087 880 3178 Turpe
899 3086 1051 3154 homines
1070 3101 1188 3176 putant
1206 3109 1291 3176 quae

432 3251 599 3325 lmberbes
618 3253 787 3344 didicere,
804 3276 899 3325 senes
914 3250 1085 3348 perdendo
1095 3253 1206 3345 soteri
1224 3255 1239 3348 (
1263 3255 1298 3346 ).

366 3421 435 3494 set
469 3424 631 3517 quidquid
655 3425 781 3516 luerit,
814 3423 922 3500 adhuc
953 3445 1065 3499 tamen
1101 3427 1279 3522 plurimum
1312 3423 1382 3500 Vs.

703 3709 1032 3742 ummfflmm

406 3933 455 4022 (r)
475 3931 577 4000 noar.
595 3926 665 3998 tit.
684 3929 724 3998 ll.
740 3926 862 4020 Epistol.
886 3951 912 3998 r·
933 3945 961 3996 v.
981 3927 1030 4002 85.
